1618 2866
208 196 303 246 186
466 170 1201 269 MENAECHIMEI.
1353 228 1485 264 van·

624 322 659 354 A
693 324 727 357 Ν
766 324 792 356 c
827 324 848 356 1
885 326 916 358 Ι,
950 325 981 358 1.
1016 326 1067 360 A.

198 383 275 431 Da
299 383 434 430 sodes
462 383 542 430 abs
571 395 647 443 te,
677 397 786 448 post
816 404 904 451 ego
930 388 1182 438 reddidero
1216 392 1320 440 tibi.

495 493 1172 534 MENAECHMUS.

202 560 360 606 Immo
391 561 510 608 cedo
542 563 623 609 abs
653 573 715 609 te.

618 661 654 695 A
690 663 723 695 N
759 663 785 695 c
821 662 842 694 1
879 663 909 696 1.
945 663 976 696 L
1011 664 1062 697 A.

634 732 736 796 Ego
769 743 879 794 post
910 732 1000 778 tibi
1030 723 1228 781 reddam
1257 717 1474 797 duplex.-

493 834 538 867 M
573 834 602 866 E
639 834 672 867 N
710 834 745 867 A
780 834 810 866 E
847 833 874 865 c
912 834 946 866 H
983 834 1025 866 Μ
1064 834 1099 866 U
1136 835 1173 869 s.

203 893 318 940 Non
350 894 521 953 habeo.

615 988 1065 1022 ANCILLA.

425 1058 427 1060 ’
493 1056 557 1104 At
587 1068 670 1114 tu,
699 1057 898 1120 quando
925 1057 1145 1116 habebis,
1177 1067 1286 1105 tum
1315 1058 1440 1107 dato.

205 1129 462 1192 Numquid
500 1148 579 1176 me
611 1131 716 1177 vis?

496 1226 1178 1263 MENAECHMUS.

702 1299 833 1345 Haec
870 1315 950 1344 me
977 1307 1252 1344 curaturum
1278 1295 1423 1344 dicito
1438 1329 1456 1355 ,

204 1370 298 1428 Ut,
329 1381 568 1431 quantum
600 1371 807 1431 possint,
835 1371 1020 1432 quique
1048 1370 1245 1427 liceant,
1267 1379 1486 1416 veneant.

194 1442 368 1501 Jamne
401 1444 516 1489 abiit
552 1444 712 1490 intro?
743 1443 915 1500 abivit,
949 1444 1140 1504 operuit
1171 1442 1296 1489 foris.
1328 1503 1335 1506 -

204 1512 288 1559 Dii
304 1528 383 1557 me
401 1512 630 1574 equidem
650 1530 815 1560 omnes
828 1513 902 1577 adj
909 1525 1057 1560 uvant
1068 1548 1082 1571 ‚
1097 1525 1296 1578 augent,
1311 1525 1486 1561 amant.

206 1584 300 1631 Sed
327 1586 447 1647 quid
475 1604 562 1652 ego
593 1603 745 1645 cesso,
779 1587 898 1633 dum
932 1587 1069 1632 datur
1095 1587 1215 1632 mihi
1241 1589 1422 1634 occasio

206 1658 526 1720 Tempusque
544 1694 557 1716 ,
586 1659 713 1705 abire
740 1659 799 1705 ab
829 1658 901 1704 his
931 1659 1044 1705 locis
1075 1658 1310 1705 lenoniis?

206 1731 412 1793 Propera
431 1767 447 1790 ,
486 1733 800 1780 Menaechme
816 1768 830 1791 ‚
866 1732 938 1779 fer
957 1731 1134 1794 pedem
1151 1765 1166 1790 ‚
1192 1731 1355 1778 confer
1386 1750 1491 1798 gra-

464 1807 597 1852 dum.

207 1877 421 1924 Demam
459 1895 685 1926 coronam
705 1914 720 1938 ,
763 1890 910 1942 atque
954 1881 1170 1946 abjiciam
1210 1880 1272 1927 ad
1305 1882 1489 1962 laevam

461 1968 684 2003 manum3

205 2022 301 2079 Ut,
327 2022 363 2068 si
391 2024 472 2084 qui
507 2037 793 2086 sequantur,
822 2027 910 2073 hac
941 2043 1020 2073 me
1050 2025 1191 2073 abiise
1221 2037 1454 2074 censeant.
1482 2080 1485 2082 ,

205 2095 297 2141 Ibo
323 2106 370 2141 et
406 2098 688 2144 conveniam
713 2116 927 2158 servom,
958 2101 993 2146 si
1026 2113 1196 2163 potero
1213 2136 1226 2158 ,
1258 2118 1454 2159 meum,

207 2166 273 2214 Ut
306 2168 454 2228 haec,
508 2186 631 2230 quae
674 2172 804 2220 bona
849 2173 964 2220 dant
1001 2173 1084 2222 Dii
1122 2175 1274 2234 mihi,
1317 2189 1377 2220 ex
1406 2188 1486 2221 me

278 2256 280 2258 ’
463 2257 586 2292 sclat-
