1618 2866
207 203 303 238 200
479 187 1222 240 MENAECHMEI.
1354 204 1498 258 v.14·

205 300 360 361 Dico,
390 316 593 347 uxorem
622 300 866 347 rescivisse.

617 395 649 427 E
685 397 719 430 R
756 396 788 428 o
826 395 857 427 Τ
892 395 914 427 1
950 394 988 427 U
1022 394 1080 427 M.

754 454 856 501 Nec
883 465 932 500 te
956 456 1084 501 ultro
1117 455 1248 502 oravi
1274 465 1330 502 ut
1353 453 1495 501 dares.

203 527 334 573 Tute
368 527 496 573 ultro
531 527 593 572 ad
622 544 722 574 me·
736 527 978 585 detulisti,
1016 527 1187 574 dedisti
1229 545 1334 574 eam
1363 528 1497 575 dono

463 601 610 647 mihi:

205 677 441 724 Eamdem
465 692 598 722 nunc
616 677 832 738 reposcis.
856 678 1030 739 patiar,
1060 677 1151 724 tibi
1171 676 1308 723 habe.
1339 675 1498 735 aufer,

460 760 620 806 utere,

203 823 298 871 Vel
319 835 375 870 tu
389 841 407 882 ,·
431 825 508 871 vel
530 836 613 870 tua
636 839 788 882 uxor,
817 825 897 871 vel
930 824 1073 870 etiam
1101 824 1152 870 in
1183 826 1348 871 oculos
1383 841 1496 871 con-

466 900 662 953 pmglte.

203 963 286 1009 Tu
309 963 434 1023 huc,
454 974 563 1024 post
590 964 722 1008 hunc
750 963 879 1009 diem
897 998 911 1021 ,
940 962 1117 1026 pedem
1142 964 1269 1011 intro
1295 979 1399 1010 non
1429 963 1499 1009 fe·-

460 1053 531 1083 res
547 1072 560 1094 ,
577 1053 640 1082 ne
667 1036 833 1083 frustra
858 1037 939 1088 sis;

203 1111 419 1183 Quando
440 1122 495 1157 tu
521 1128 600 1157 me
628 1111 753 1157 bene
771 1123 1039 1158 merentem
1066 1111 1157 1159 tibi
1185 1111 1328 1158 habes
1346 1110 1498 1174 despi-

462 1197 600 1233 catul.

204 1261 305 1308 Nisi
343 1261 460 1308 feres
504 1272 757 1325 argentum
780 1296 795 1319 ‚
837 1260 1004 1307 frustra
1043 1277 1125 1307 me
1164 1260 1358 1308 ductare
1396 1274 1500 1306 non

463 1345 613 1394 potes.

205 1405 364 1453 Aliam
401 1407 599 1468 posthac
627 1406 874 1464 invenito,
915 1423 1063 1468 quam
1101 1419 1159 1455 tu
1196 1409 1366 1456 habeas
1400 1409 1499 1456 fru-

459 1490 636 1525 stratui.

501 1573 544 1606 M
579 1573 610 1605 E
648 1573 683 1606 N
717 1572 752 1605 A
788 1573 818 1606 E
856 1573 884 1606 C
921 1573 955 1606 H
993 1573 1036 1606 M
1073 1573 1107 1606 U
1145 1571 1185 1606 S.

207 1632 360 1679 Nimis
395 1633 622 1679 iracunde
665 1634 836 1680 hercle.
886 1634 1085 1681 tandem
1118 1634 1238 1680 heus
1275 1643 1333 1679 tu
1350 1665 1366 1691 ‚
1411 1631 1501 1679 tibi

462 1706 598 1764 dico,
633 1722 798 1753 mane:

206 1769 343 1819 Redi.
757 1818 762 1825 .

617 1849 650 1881 E
686 1850 720 1882 R
757 1849 789 1882 o
827 1848 859 1881 'r
893 1849 915 1881 1
954 1849 989 1881 U
1026 1850 1082 1883 M.

271 1909 493 1956 Etiamne
514 1921 625 1955 astas
636 1910 658 1954 Ρ
681 1909 823 1955 etiam
840 1910 985 1956 audes
1002 1926 1111 1956 mea
1127 1906 1311 1956 revorti
1322 1907 1500 1971 gratia?

509 2013 550 2046 M
587 2008 616 2045 Ε
653 2012 686 2045 Ν
722 2011 757 2044 Α
792 2011 822 2043 Ε
858 2012 885 2043 c
922 2012 956 2044 Η
993 2012 1036 2044 Μ
1074 2011 1110 2044 U
1147 2011 1186 2045 s.

207 2071 342 2120 Abiit
370 2073 498 2119 intro
514 2106 529 2130 ‚
565 2071 763 2118 occlusit
797 2071 937 2118 aedis.
971 2088 1104 2118 nunc
1143 2088 1232 2138 ego
1267 2087 1376 2118 sum
1416 2086 1501 2118 ex-
1532 2063 1535 2065 ’

463 2146 789 2193 clusissumus:

206 2220 382 2282 Neque
421 2219 592 2276 domi,
630 2234 793 2280 neque
832 2218 964 2280 apud
1003 2218 1202 2265 amicam
1240 2220 1360 2266 mihi
1395 2219 1500 2285 Jam

465 2253 737 2355 quidquam
763 2291 982 2338 creditur.

206 2367 327 2428 Ibo,
362 2379 410 2415 et
437 2368 682 2415 consulam
720 2367 843 2412 hanc
887 2382 989 2412 rem
1028 2367 1202 2414 amicos
1222 2400 1237 2426 ,
1277 2365 1400 2429 quid
1428 2363 1497 2411 fa-

463 2439 697 2487 ciundum
725 2450 956 2487 censeant.
1464 2436 1466 2438 ’
