1618 2866
189 198 285 239 202
450 183 1200 236 MENAECHMEI.
1355 206 1482 255 v.13

634 309 678 341 M
715 307 750 340 U
786 309 817 342 L
854 309 876 341 1
911 310 941 341 E
978 310 1028 342 R.

188 365 343 431 Rogas
371 366 488 413 me?
519 383 549 413 ο
576 367 784 414 hominis
817 368 1139 431 inpudentem
1170 371 1446 422 audaciam!

489 466 1178 504 MENAECHMUS.

188 526 303 573 Non
347 537 403 572 tu
449 526 530 572 scis
554 561 570 584 ,
629 528 803 575 mulier
829 565 844 588 ,
891 530 1151 578 Hecubam
1195 544 1486 597 quapropter

445 615 615 646 canem

188 674 316 721 Graii
346 690 439 721 esse
464 675 800 738 praedicabant
813 676 836 722 P

634 771 678 803 M
717 770 752 803 U
787 771 819 804 L
854 771 876 804 1
912 770 942 804 E
979 772 1027 805 R.

825 831 940 878 Non
972 830 1204 894 equidem
1236 834 1353 880 scio.

484 930 529 964 M
566 931 595 963 E
635 930 670 965 N
707 928 742 963 A
779 930 810 963 Ε
848 931 874 963 c
912 930 946 963 Η
982 932 1026 964 Μ
1066 930 1102 964 U
1142 931 1180 965 s.

191 988 327 1056 Quia
344 987 472 1036 idem
495 990 698 1037 faciebat
715 991 919 1037 Hecuba
932 1025 946 1048 ,
971 989 1110 1052 quod
1127 1000 1184 1036 tu
1201 1006 1334 1037 nunc
1352 989 1485 1038 facis:

138 1078 141 1082 ’
190 1061 371 1108 Omnia
399 1064 522 1110 mala
550 1063 822 1129 ingerebat,
855 1079 1159 1125 quemquem
1182 1075 1437 1126 aspexerat.

189 1137 363 1199 Itaque
391 1138 512 1186 adeo
541 1140 650 1205 jure
673 1149 845 1201 coepta
877 1137 1104 1201 appellari
1133 1147 1203 1184 est
1233 1137 1372 1184 canis.

635 1242 677 1274 M
718 1240 752 1273 U
790 1240 820 1274 L
859 1240 880 1272 I
915 1239 946 1272 E
983 1240 1032 1273 R.

190 1297 303 1343 Non
342 1299 482 1345 istaec
510 1316 598 1364 ego
632 1299 808 1364 flagitia
828 1315 1025 1362 possum
1055 1299 1257 1361 perpeti.

190 1371 315 1434 Nam¹
351 1373 465 1418 med
494 1385 698 1420 aetatem
723 1375 923 1422 viduam
954 1391 1048 1420 esse
1081 1374 1338 1432 mavelim,

191 1443 354 1512 Quam
385 1445 523 1491 istaec
550 1445 722 1510 flagitia
741 1456 835 1497 ,tua
863 1445 993 1507 pati,
1021 1462 1147 1507 quae
1173 1457 1230 1492 tu
1262 1446 1386 1494 facis.

489 1523 1176 1577 MENAEC'HMUS.

193 1604 330 1674 Quid
362 1605 414 1650 id
442 1605 502 1651 ad
528 1622 608 1652 me
628 1639 642 1663 ,
667 1616 723 1651 tu
746 1616 795 1652 te
817 1616 1022 1666 nuptam
1053 1605 1198 1666 possis
1225 1606 1447 1668 perpeti,

194 1678 271 1722 An
305 1678 360 1723 sis
387 1678 572 1724 abitura
597 1695 624 1725 a
643 1690 731 1725 tuo
756 1678 897 1725 viro?
924 1694 986 1725 an
1016 1694 1122 1724 mos
1147 1689 1214 1724 est
1235 1679 1302 1725 ita
1329 1679 1407 1726 hic
1422 1713 1440 1739 ,

191 1750 445 1814 Peregrino
471 1762 528 1797 ut
551 1751 826 1799 advenienti
857 1762 1048 1797 narrent
1077 1750 1292 1798 fabulas?

636 1854 679 1886 M
716 1852 753 1885 U
789 1852 821 1885 1.
855 1852 876 1884 1
911 1852 942 1884 Ε
981 1853 1030 1886 R.

195 1909 332 1978 Quas
359 1910 574 1959 fabulas?
599 1929 730 1970 non,
754 1913 957 1974 inquam
973 1947 987 1970 ,
1017 1914 1167 1974 patiar
1187 1913 1458 1975 praeterhac
1473 1948 1490 1972 ,
1613 1958 1618 1982 ἶ

198 1984 339 2053 Quin
365 1986 514 2032 vidua
539 1987 698 2033 vivam
715 2020 729 2044 ,
757 2003 907 2047 quam
932 1997 1042 2032 tuos
1065 2002 1226 2034 mores
1241 1985 1493 2048 perferam.
1533 2053 1535 2055 ι

490 2083 534 2116 Μ
572 2085 602 2116 Ε
638 2085 673 2117 Ν
708 2084 744 2117 Α
781 2085 812 2116 Ε
849 2085 877 2118 c
913 2084 947 2117 Η
984 2084 1028 2118 Μ
1065 2084 1101 2116 U
1137 2084 1177 2119 s.

196 2145 307 2190 Mea
333 2133 535 2205 quidem
565 2145 723 2191 hercle
751 2161 906 2191 caussa
927 2144 1074 2191 vidua
1097 2146 1248 2192 vivito
1264 2179 1280 2204 ,

195 2215 290 2264 Vel
322 2233 477 2278 usque
508 2218 629 2265 dum
661 2235 867 2283 regnum
899 2218 1140 2265 obtinebit
1164 2219 1404 2282 Juppiter.

640 2317 684 2350 M
719 2316 757 2348 U
793 2315 824 2348 1.
861 2314 883 2347 1
919 2314 950 2347 E
986 2314 1034 2347 R.
1395 2301 1400 2305 ’

200 2381 266 2429 At
291 2384 413 2430 mihi
446 2384 646 2448 negabas
676 2382 867 2430 dudum
893 2382 1175 2444 subripuisse
1206 2393 1255 2430 te
1267 2415 1283 2440 ,

199 2456 344 2505 Nunc
362 2457 582 2506 eamdem
600 2468 710 2505 ante
726 2457 889 2505 oculos
906 2455 1097 2506 attInesz
1117 2471 1220 2504 non
1237 2465 1285 2501 te
1301 2447 1487 2516 pudet?
