1618 2866
250 154 345 202 5Ἃ
716 131 1053 180 PERSA
1407 111 1531 189 mm

575 253 1206 290 sAAGARlsTlo.

250 319 463 375 ‚Vadatur
485 318 561 365 hic
579 335 672 365 me.

643 406 670 438 P
708 404 742 438 A
780 406 811 438 E
850 406 881 439 G
919 405 952 438 N
990 405 1011 437 1
1047 403 1082 437 U
1120 402 1176 436 M.

490 468 684 527 Utinam
713 467 853 515 vades
885 467 1038 512 desint
1048 486 1059 518 ;
1086 466 1137 512 in
1167 480 1349 513 carcere
1370 474 1425 513 ut
1453 466 1530 514 sis!

576 558 1212 593 SAGARISTIO.

255 613 545 683 Quidhoc?

637 687 1203 731 PAEGNIUM„

415 751 552 822 Quid
583 751 683 797 est?

572 839 596 873 S
632 838 666 871 A
705 838 736 872 G
775 837 809 870 A
845 838 879 871 R
914 837 935 870 1
970 836 992 869 S
1031 837 1062 870 T
1097 836 1119 869 1
1153 836 1202 870 O.

542 899 697 947 Etiam
713 930 726 955 ,
754 898 926 954 scelus,
953 897 1075 942 male
1102 893 1339 958 loquere?
1375 916 1384 924 ·

640 991 668 1024 P
705 991 741 1023 A
776 991 806 1023 Ε
846 989 876 1023 G
914 991 946 1024 N
987 990 1007 1022 1
1045 990 1082 1022 U
1117 989 1172 1022 M.

1037 1050 1261 1096 Tandem
1287 1059 1343 1095 ut
1371 1048 1506 1095 liceat
1518 1065 1538 1106 5

256 1124 424 1193 Quom
449 1137 600 1169 servos
627 1121 681 1167 sis
697 1156 709 1179 ‚
743 1138 927 1169 servom
950 1122 1038 1168 tibi
1064 1121 1356 1169 maledicere.

579 1215 1206 1250 SAGARISTIO.

1152 1272 1320 1321 Itane?
1352 1284 1536 1336 specta,

256 1343 393 1414 Quid
426 1342 620 1387 dedero.

638 1426 667 1459 P
705 1425 739 1459 A
778 1426 807 1458 E
845 1425 877 1458 G
914 1427 948 1460 N
983 1427 1004 1459 1
1042 1426 1078 1459 U
1114 1428 1169 1460 M.

385 1487 539 1533 Nihil:
573 1501 685 1530 nam
707 1485 825 1530 nihil
844 1485 997 1531 habes.

578 1586 600 1619 S
637 1587 671 1619 A
710 1587 740 1619 G
778 1586 811 1619 A
847 1586 879 1619 R
915 1586 935 1618 I
975 1584 996 1619 S
1036 1585 1068 1617 T
1102 1585 1123 1618 1
1159 1584 1206 1617 Ο.

655 1644 735 1691 Dii
758 1645 986 1706 Deaeque
1008 1661 1086 1691 me
1113 1659 1277 1690 omnes
1303 1642 1537 1704 perdant,

257 1722 356 1768 Nisi
379 1732 426 1768 te
443 1720 587 1766 hodie
602 1754 616 1777 ,
647 1720 680 1764 si
707 1719 1010 1781 prehendero
1027 1753 1042 1777 ,
1069 1718 1271 1783 defigam
1293 1717 1344 1764 in
1365 1729 1535 1764 terram

513 1792 734 1853 colaphis.

645 1876 672 1907 P
710 1875 743 1907 A
782 1874 812 1906 E
852 1873 883 1906 G
919 1874 953 1906 N
991 1873 1011 1904 1
1048 1873 1082 1904 U
1118 1873 1173 1906 M.

258 1940 450 1987 Amicus
475 1955 579 1984 sum
595 1970 610 1995 ,
646 1934 863 1982 eveniant
887 1934 1000 1979 volo
1025 1933 1112 1979 tibi
1139 1949 1259 1994 quae
1284 1942 1414 1994 optas
1427 1943 1446 1990 ,“
1467 1938 1539 1987 ati

511 2027 607 2072 que
633 2009 685 2055 id
715 2009 823 2054 fiat:

258 2087 338 2133 Tu
369 2102 448 2132 me
480 2084 676 2148 defigas;
713 2092 762 2127 te
793 2081 920 2126 cruci
951 2081 1105 2142 ipsum
1126 2079 1412 2141 propediem
1438 2079 1535 2130 affi-¹
1598 2081 1604 2083 ’

520 2167 635 2221 gent
667 2155 757 2201 alii.

584 2250 605 2283 s
644 2249 678 2282 A
717 2249 747 2281 G
786 2246 821 2279 A
855 2247 888 2281 R
922 2247 943 2279 1
981 2245 1004 2280 s
1040 2245 1072 2278 Τ
1107 2246 1126 2278 1
1166 2246 1215 2278 o.

267 2312 405 2383 Quin
437 2322 485 2357 te
506 2310 588 2356 Dii
608 2308 861 2368 Deaeque!
890 2306 971 2352 scis
1004 2306 1123 2368 quid
1142 2306 1251 2352 hinc
1280 2320 1439 2368 porro‘
1461 2301 1534 2349 di-

520 2393 680 2430 cturus
707 2380 878 2427 fuerim
898 2413 913 2437 ,
