1618 2866
211 495 215 519 Ι

212 523 218 550 i

238 1607 244 1615 ·
255 1644 427 1691 Video.

250 202 347 270 '528
479 194 1271 246 MOSTEL'LARIA.
1377 213 1538 247 mmo

778 315 801 349 s
837 316 858 348 1
894 317 938 350 M
977 316 1026 349 o.

517 377 753 438 Inspicere
777 387 825 423 te
849 375 975 423 aedis
1002 376 1082 423 has
1107 378 1231 424 velle
1254 378 1379 426 aibat
1401 378 1536 426 mihi.

546 469 1268 505 ”sn-EUROPIDES.
1475 463 1478 466 ’

254 533 352 579 Nisi
378 529 467 578 tibi
494 529 863 576 incommodum
897 540 976 576 est.

746 607 795 650 's
832 618 851 649 1
889 617 931 650 Μ
970 618 1020 650 ο.

414 682 573 727 Immo
603 678 932 726 commodum.
958 679 974 723 i
995 679 1122 727 intro
1138 713 1153 739 ,
1176 690 1323 743 atque
1344 679 1535 742 inspice.

707 774 738 807 Τ
774 774 808 807 R
844 772 879 805 A
913 774 947 806 N
983 774 1006 806 1
1043 774 1091 807 o.

251 837 316 886 At
345 837 473 884 enim
502 834 734 880 mulieres.

773 918 796 952 s
830 919 852 952 1
887 921 930 953 M
967 920 1014 954 o.

591 980 716 1026 Cave
742 990 797 1026 tu
822 981 972 1026 ullam
996 979 1247 1028 floccifaxis
1271 981 1535 1027 mulierem.

250 1054 486 1128 Qualibet
506 1053 785 1116 perambula
806 1052 930 1099 aedis
954 1054 1136 1116 oppido
1159 1067 1407 1116 tamquam
1421 1065 1536 1102 tuas.

549 1146 1269 1183 THEUROPIDES.

253 1209 563 1273 Tamquam?
918 1214 920 1219 ’
1506 1252 1509 1253 ⁷

712 1287 743 1320 Τ
779 1288 814 1320 R
848 1288 883 1321 A
921 1289 952 1321 Ν
990 1288 1013 1320 1
1051 1288 1100 1321 o.
1534 1296 1542 1316 π

337 1349 434 1394 Ah!
457 1364 567 1393 cave
589 1358 643 1392 tu
662 1346 730 1391 illi
759 1348 964 1411 objectes
985 1365 1116 1395 nunc
1140 1349 1191 1395 in
1214 1348 1539 1414 aegritudine,

253 1425 327 1472 Te
354 1423 432 1468 has
460 1421 633 1467 emisse.
658 1437 760 1466 non
779 1433 833 1466 tu
850 1422 980 1467 vides
998 1423 1127 1469 hunc
1139 1458 1154 1482 ‚
1193 1425 1333 1471 voltu
1352 1434 1408 1470 ut
1424 1422 1542 1469 tristi

511 1506 578 1540 est
610 1510 752 1540 senex
767 1494 789 1539 ?
1509 1493 1513 1496 ’

549 1587 1265 1622 THEUROPIDES.

709 1720 740 1753 T
776 1722 809 1754 R
847 1720 878 1753 A
918 1720 952 1753 N
986 1721 1006 1753 I
1043 1720 1090 1753 Ο.

330 1783 455 1846 Ergo
487 1781 688 1826 inridere
712 1796 774 1826 ne
794 1780 982 1826 videare
1002 1792 1049 1826 et
1068 1780 1231 1844 gestire
1249 1779 1541 1839 admodum,

255 1857 370 1904 Noli
396 1857 545 1903 facere
574 1857 874 1901 mentionem
902 1867 950 1900 te
983 1856 1158 1900 emisse.

553 1949 1269 1984 THEUROPIDES.

1200 2010 1462 2073 Intellego,

257 2086 320 2132 Et
348 2085 473 2132 bene
498 2084 741 2130 monitum
763 2082 890 2129 duco
906 2117 919 2140 ‚
942 2094 1087 2144 atque
1118 2094 1166 2129 te
1193 2084 1427 2130 existumo
1450 2083 1542 2128 hu·-

512 2176 656 2205 mano
692 2158 900 2223 ingenio.

258 2230 398 2300 Quid
425 2231 591 2276 nunc?

775 2307 797 2342 s
833 2308 854 2340 1
891 2307 935 2340 M
969 2308 1017 2340 o.

390 2367 528 2437 Quin
546 2378 602 2414 tu
620 2368 655 2414 is
674 2368 800 2414 intro
812 2402 826 2426 ,
848 2378 992 2428 atque
1019 2366 1167 2413 otiose
1182 2376 1442 2427 perspectas
1454 2399 1468 2423 ,
1485 2373 1539 2410 ut

965 2437 969 2440 ⁴
1236 2438 1372 2485 lubet
1387 2437 1410 2482 Ρ
