1618 2866
130 150 175 209 ἢ.
199 162 256 198 12
439 143 729 192 ACTUS
778 143 879 192 IV.
929 141 1033 214 SUC.
1085 144 1124 191 1.
1317 160 1415 206 301

552 264 588 296 D
624 263 657 296 ο
693 264 726 296 Β
761 262 781 294 1
816 262 844 294 P
880 261 909 294 P
943 261 993 294 A.

130 332 340 394 Apollo,
366 347 543 392 quaeso
570 341 645 387 te,
679 341 735 376 ut
761 329 842 375 des
866 346 1035 390 pacem
1063 329 1296 392 propitius
1310 365 1329 391 ,

129 405 346 452 Salutem
386 415 434 449 et
464 403 708 448 sanitatem
741 413 924 448 nostrae
954 401 1182 459 familiae,

129 477 342 539 Meoque
372 488 427 522 ut
451 493 605 538 parcas
645 486 790 540 gnato
826 491 941 536 pace
973 475 1221 536 propitius.

647 577 671 611 8
708 577 743 609 Y
779 577 812 609 R
848 576 896 608 A.

128 634 360 698 Disperii,
393 638 512 699 perii
538 637 703 683 misera
720 671 735 694 ‚
770 653 856 683 vae
886 636 1079 684 miserae
1104 638 1250 684 mihi!

542 737 578 770 D
615 736 647 768 o
686 737 719 769 R
754 735 775 767 1
812 735 841 768 P
877 734 905 767 P
942 736 992 768 A.

131 800 277 850 Satin’
301 815 356 851 tu
378 821 486 851 sana
508 821 581 863 es,
614 806 809 852 obsecro
824 805 847 851 ?
878 805 999 866 quid
1030 805 1206 870 ejulas?

633 903 655 935 s
693 902 728 934 Y
764 903 798 935 R
834 902 884 934 A.

130 957 348 1025 Dorippa
372 979 477 1009 mea
494 997 508 1020 ‚
540 962 782 1022 Dorippa!

541 1058 576 1090 D
616 1058 649 1090 o
688 1058 722 1090 R
755 1056 776 1088 1
812 1055 839 1088 P
876 1055 903 1087 P
920 1036 991 1087 ⁷¹A.

772 1115 911 1186 Quid
941 1115 1108 1161 clamas
1128 1150 1143 1172 ‚
1176 1117 1411 1166 obsecro?

639 1210 661 1243 s
699 1210 733 1241 Y
768 1210 802 1242 R
838 1209 887 1241 A.

124 1270 295 1318 Nescio
333 1287 456 1332 quae
485 1281 554 1316 est
578 1269 749 1315 mulier
781 1269 909 1314 intus
939 1268 1016 1314 hic
1039 1268 1091 1314 in
1112 1269 1321 1318 aedibus.

539 1369 575 1401 D
611 1367 644 1400 Ο
680 1369 713 1401 R
746 1366 768 1399 Ῑ
804 1367 832 1399 P
870 1366 899 1399 P
935 1367 985 1399 A.

120 1427 302 1497 Quid?
335 1427 543 1473 mulier?

628 1503 651 1536 S
687 1504 721 1536 Y
758 1505 793 1537 R
827 1504 876 1536 A.

539 1563 715 1610 Mulier
748 1564 986 1609 meretrix.

534 1661 570 1693 D
606 1661 638 1694 Ο
675 1662 709 1694 R
742 1662 763 1694 Ι
802 1663 831 1696 P
868 1662 896 1695 P
935 1663 985 1694 A.

1015 1713 1188 1761 Veron’
1214 1717 1368 1762 serio?

627 1789 651 1823 8
690 1791 724 1823 Y
759 1792 793 1824 R
828 1792 879 1825 A.

117 1840 335 1890 Nimium
364 1845 447 1890 scis
478 1862 662 1908 sapere,
690 1851 788 1895 ruri
814 1868 938 1912 quae
960 1868 1063 1898 non
1094 1854 1337 1900 manseris:

118 1915 347 1982 Quamvis
376 1918 595 1978 insipiens
621 1934 809 1982 poterat
837 1925 1170 1985 persentiscere

115 1986 255 2033 Illam
284 2006 377 2035 esse
407 1993 607 2038 amicam
642 1994 716 2039 tui
742 1995 830 2040 viri
865 1996 1134 2043 bellissumi.

527 2090 563 2122 D
600 2091 632 2123 o
668 2093 701 2125 R
737 2091 757 2124 1
792 2091 820 2123 P
857 2092 885 2125 P
923 2092 972 2125 A.

115 2143 271 2191 Credo
294 2159 533 2195 mecastor.

626 2227 649 2262 S
685 2227 721 2262 Y
755 2231 789 2263 R
824 2230 873 2263 A.

530 2294 555 2338 Ι
584 2296 671 2341 hac
697 2313 920 2355 mecum,
947 2310 1004 2344 ut
1029 2299 1186 2345 videas
1215 2301 1361 2347 simul

111 2364 272 2411 Tuam
303 2363 615 2411 Alcumenam
642 2369 892 2427 pellicem,
914 2370 1046 2427 Juno
1071 2387 1190 2415 mea.
