<?xml version="1.0" encoding="UTF-8"?>
<!DOCTYPE html PUBLIC "-//W3C//DTD XHTML 1.0 Transitional//EN"
    "http://www.w3.org/TR/xhtml1/DTD/xhtml1-transitional.dtd">
<html xmlns="http://www.w3.org/1999/xhtml" xml:lang="en" lang="en">
 <head>
  <title>
</title>
<meta http-equiv="Content-Type" content="text/html;charset=utf-8" />
  <meta name='ocr-system' content='tesseract 3.04.00' />
  <meta name='ocr-capabilities' content='ocr_page ocr_carea ocr_par ocr_line ocrx_word'/>
</head>
<body>
  <div class='ocr_page' id='page_1' title='image "./comoediaesuperst02plauuoft_0112.png"; bbox 0 0 1618 2866; ppageno 0'>
   <div class='ocr_carea' id='block_1_1' title="bbox 256 188 1527 267">
    <p class='ocr_par' dir='ltr' id='par_1_1' title="bbox 256 188 1527 267">
     <span class='ocr_line' id='line_1_1' title="bbox 256 188 1527 267; baseline -0.005 -14"><span class='ocrx_word' id='word_1_1' title='bbox 256 222 345 267; x_wconf 76' lang='lat'>104</span> <span class='ocrx_word' id='word_1_2' title='bbox 610 199 1139 249; x_wconf 77' lang='lat' dir='ltr'><strong>EPIDICUS,</strong></span> <span class='ocrx_word' id='word_1_3' title='bbox 1367 188 1527 265; x_wconf 37' lang='lat'><em>§.101</em></span> 
     </span>
    </p>
   </div>
   <div class='ocr_carea' id='block_1_2' title="bbox 650 320 1528 441">
    <p class='ocr_par' dir='ltr' id='par_1_2' title="bbox 650 320 1528 441">
     <span class='ocr_line' id='line_1_2' title="bbox 650 320 1136 355; baseline 0 0"><span class='ocrx_word' id='word_1_4' title='bbox 650 322 681 355; x_wconf 86' lang='lat' dir='ltr'><strong>E</strong></span> <span class='ocrx_word' id='word_1_5' title='bbox 716 322 744 354; x_wconf 88' lang='lat' dir='ltr'>P</span> <span class='ocrx_word' id='word_1_6' title='bbox 780 323 801 354; x_wconf 91' lang='lat'>1</span> <span class='ocrx_word' id='word_1_7' title='bbox 837 320 872 355; x_wconf 91' lang='lat' dir='ltr'>D</span> <span class='ocrx_word' id='word_1_8' title='bbox 907 322 931 355; x_wconf 91' lang='lat' dir='ltr'>I</span> <span class='ocrx_word' id='word_1_9' title='bbox 964 322 991 355; x_wconf 92' lang='lat' dir='ltr'>C</span> <span class='ocrx_word' id='word_1_10' title='bbox 1026 320 1062 354; x_wconf 88' lang='lat' dir='ltr'><strong>U</strong></span> <span class='ocrx_word' id='word_1_11' title='bbox 1099 320 1136 355; x_wconf 81' lang='lat' dir='ltr'>S·</span> 
     </span>
     <span class='ocr_line' id='line_1_3' title="bbox 1050 379 1528 441; baseline -0.004 -16"><span class='ocrx_word' id='word_1_12' title='bbox 1050 380 1142 426; x_wconf 83' lang='lat' dir='ltr'>Hic</span> <span class='ocrx_word' id='word_1_13' title='bbox 1173 379 1260 426; x_wconf 82' lang='lat' dir='ltr'>erit</span> <span class='ocrx_word' id='word_1_14' title='bbox 1287 389 1528 441; x_wconf 78' lang='lat' dir='ltr'><strong>optumus,</strong></span> 
     </span>
    </p>
   </div>
   <div class='ocr_carea' id='block_1_3' title="bbox 255 453 1529 521">
    <p class='ocr_par' dir='ltr' id='par_1_3' title="bbox 255 453 1529 521">
     <span class='ocr_line' id='line_1_4' title="bbox 255 453 1529 521; baseline -0.008 -12"><span class='ocrx_word' id='word_1_15' title='bbox 255 461 348 509; x_wconf 89' lang='lat' dir='ltr'>Hic</span> <span class='ocrx_word' id='word_1_16' title='bbox 369 457 545 521; x_wconf 82' lang='lat' dir='ltr'>poterit</span> <span class='ocrx_word' id='word_1_17' title='bbox 568 472 729 504; x_wconf 85' lang='lat' dir='ltr'>cavere</span> <span class='ocrx_word' id='word_1_18' title='bbox 747 466 872 503; x_wconf 81' lang='lat' dir='ltr'>recte</span> <span class='ocrx_word' id='word_1_19' title='bbox 885 489 898 512; x_wconf 88' lang='lat'>‚</span> <span class='ocrx_word' id='word_1_20' title='bbox 912 454 1026 513; x_wconf 80' lang='lat' dir='ltr'>Jura</span> <span class='ocrx_word' id='word_1_21' title='bbox 1049 454 1135 514; x_wconf 89' lang='lat' dir='ltr'>qui</span> <span class='ocrx_word' id='word_1_22' title='bbox 1154 464 1202 500; x_wconf 89' lang='lat' dir='ltr'>et</span> <span class='ocrx_word' id='word_1_23' title='bbox 1222 453 1368 518; x_wconf 82' lang='lat' dir='ltr'>Leges</span> <span class='ocrx_word' id='word_1_24' title='bbox 1385 463 1529 500; x_wconf 85' lang='lat' dir='ltr'>tenet.</span> 
     </span>
    </p>
   </div>
   <div class='ocr_carea' id='block_1_4' title="bbox 258 537 1588 1063">
    <p class='ocr_par' dir='ltr' id='par_1_4' title="bbox 258 537 1588 1063">
     <span class='ocr_line' id='line_1_5' title="bbox 607 537 1180 590; baseline -0.009 0"><span class='ocrx_word' id='word_1_25' title='bbox 607 557 642 590; x_wconf 86' lang='lat' dir='ltr'>A</span> <span class='ocrx_word' id='word_1_26' title='bbox 678 557 705 589; x_wconf 88' lang='lat' dir='ltr'>P</span> <span class='ocrx_word' id='word_1_27' title='bbox 746 557 777 588; x_wconf 94' lang='lat' dir='ltr'>o</span> <span class='ocrx_word' id='word_1_28' title='bbox 815 557 845 589; x_wconf 81' lang='grc' dir='ltr'>,Ε</span> <span class='ocrx_word' id='word_1_29' title='bbox 886 556 912 587; x_wconf 87' lang='lat' dir='ltr'>c</span> <span class='ocrx_word' id='word_1_30' title='bbox 934 537 971 587; x_wconf 76' lang='lat'>‘1</span> <span class='ocrx_word' id='word_1_31' title='bbox 1005 553 1040 587; x_wconf 81' lang='lat' dir='ltr'>D</span> <span class='ocrx_word' id='word_1_32' title='bbox 1075 553 1105 586; x_wconf 79' lang='lat' dir='ltr'>E</span> <span class='ocrx_word' id='word_1_33' title='bbox 1143 552 1180 586; x_wconf 89' lang='lat' dir='ltr'>s.</span> 
     </span>
     <span class='ocr_line' id='line_1_6' title="bbox 258 616 919 682; baseline -0.012 -15"><span class='ocrx_word' id='word_1_34' title='bbox 258 619 482 682; x_wconf 84' lang='lat' dir='ltr'>Epidice‚</span> <span class='ocrx_word' id='word_1_35' title='bbox 514 619 680 664; x_wconf 82' lang='lat' dir='ltr'>habeas</span> <span class='ocrx_word' id='word_1_36' title='bbox 713 616 919 679; x_wconf 78' lang='lat' dir='ltr'><strong>gratiam.</strong></span> 
     </span>
     <span class='ocr_line' id='line_1_7' title="bbox 659 714 1152 750; baseline -0.006 0"><span class='ocrx_word' id='word_1_37' title='bbox 659 717 689 750; x_wconf 88' lang='lat' dir='ltr'>E</span> <span class='ocrx_word' id='word_1_38' title='bbox 727 718 755 750; x_wconf 89' lang='lat' dir='ltr'>P</span> <span class='ocrx_word' id='word_1_39' title='bbox 791 718 811 749; x_wconf 92' lang='grc' dir='ltr'>Ι</span> <span class='ocrx_word' id='word_1_40' title='bbox 847 718 882 749; x_wconf 92' lang='lat' dir='ltr'>D</span> <span class='ocrx_word' id='word_1_41' title='bbox 921 716 940 747; x_wconf 95' lang='lat' dir='ltr'>I</span> <span class='ocrx_word' id='word_1_42' title='bbox 977 715 1004 747; x_wconf 90' lang='lat' dir='ltr'>C</span> <span class='ocrx_word' id='word_1_43' title='bbox 1042 715 1078 748; x_wconf 91' lang='lat' dir='ltr'>U</span> <span class='ocrx_word' id='word_1_44' title='bbox 1115 714 1152 747; x_wconf 90' lang='lat' dir='ltr'>S.</span> 
     </span>
     <span class='ocr_line' id='line_1_8' title="bbox 778 761 1538 838; baseline -0.005 -18"><span class='ocrx_word' id='word_1_45' title='bbox 778 774 873 821; x_wconf 87' lang='lat' dir='ltr'>Sed</span> <span class='ocrx_word' id='word_1_46' title='bbox 906 790 992 838; x_wconf 80' lang='lat' dir='ltr'>ego</span> <span class='ocrx_word' id='word_1_47' title='bbox 1020 774 1138 819; x_wconf 85' lang='lat' dir='ltr'>istuc</span> <span class='ocrx_word' id='word_1_48' title='bbox 1163 761 1327 818; x_wconf 80' lang='lat' dir='ltr'>faciam</span> <span class='ocrx_word' id='word_1_49' title='bbox 1356 770 1538 817; x_wconf 87' lang='lat' dir='ltr'><strong>sedulo.</strong></span> 
     </span>
     <span class='ocr_line' id='line_1_9' title="bbox 265 842 1588 919; baseline -0.01 -17"><span class='ocrx_word' id='word_1_50' title='bbox 265 856 366 919; x_wconf 85' lang='lat' dir='ltr'>Ego</span> <span class='ocrx_word' id='word_1_51' title='bbox 397 855 536 899; x_wconf 90' lang='lat' dir='ltr'>illum</span> <span class='ocrx_word' id='word_1_52' title='bbox 565 850 843 898; x_wconf 82' lang='lat' dir='ltr'>conveniam</span> <span class='ocrx_word' id='word_1_53' title='bbox 862 884 876 906; x_wconf 80' lang='grc'>,</span> <span class='ocrx_word' id='word_1_54' title='bbox 910 859 1054 908; x_wconf 81' lang='lat' dir='ltr'><strong>atque</strong></span> <span class='ocrx_word' id='word_1_55' title='bbox 1090 846 1325 893; x_wconf 83' lang='lat' dir='ltr'>adducam</span> <span class='ocrx_word' id='word_1_56' title='bbox 1350 846 1444 891; x_wconf 91' lang='lat' dir='ltr'>huc</span> <span class='ocrx_word' id='word_1_57' title='bbox 1479 842 1539 889; x_wconf 85' lang='lat' dir='ltr'>ad</span> <span class='ocrx_word' id='word_1_58' title='bbox 1579 846 1588 857; x_wconf 82' lang='lat'>‘</span> 
     </span>
     <span class='ocr_line' id='line_1_10' title="bbox 518 921 1090 985; baseline -0.007 -14"><span class='ocrx_word' id='word_1_59' title='bbox 518 937 595 982; x_wconf 79' lang='lat' dir='ltr'>te,</span> <span class='ocrx_word' id='word_1_60' title='bbox 627 924 772 985; x_wconf 82' lang='lat' dir='ltr'>quoia</span> <span class='ocrx_word' id='word_1_61' title='bbox 789 924 842 967; x_wconf 79' lang='lat' dir='ltr'>&#39;st</span> <span class='ocrx_word' id='word_1_62' title='bbox 874 921 1090 977; x_wconf 81' lang='lat' dir='ltr'>fidicina,</span> 
     </span>
     <span class='ocr_line' id='line_1_11' title="bbox 269 993 1256 1063; baseline -0.009 -15"><span class='ocrx_word' id='word_1_63' title='bbox 269 1000 432 1063; x_wconf 88' lang='lat' dir='ltr'><strong>Atque</strong></span> <span class='ocrx_word' id='word_1_64' title='bbox 459 1008 708 1062; x_wconf 83' lang='lat' dir='ltr'>argentum</span> <span class='ocrx_word' id='word_1_65' title='bbox 736 1013 823 1059; x_wconf 82' lang='lat' dir='ltr'>ego</span> <span class='ocrx_word' id='word_1_66' title='bbox 850 1011 962 1042; x_wconf 88' lang='lat' dir='ltr'>cum</span> <span class='ocrx_word' id='word_1_67' title='bbox 984 996 1075 1040; x_wconf 92' lang='lat' dir='ltr'>hoc</span> <span class='ocrx_word' id='word_1_68' title='bbox 1098 993 1256 1040; x_wconf 84' lang='lat' dir='ltr'><strong>feram.</strong></span> 
     </span>
    </p>
   </div>
   <div class='ocr_carea' id='block_1_5' title="bbox 581 1092 1414 1226">
    <p class='ocr_par' dir='ltr' id='par_1_5' title="bbox 581 1092 1414 1226">
     <span class='ocr_line' id='line_1_12' title="bbox 581 1092 1223 1131; baseline -0.009 0"><span class='ocrx_word' id='word_1_69' title='bbox 581 1099 610 1131; x_wconf 84' lang='lat' dir='ltr'>P</span> <span class='ocrx_word' id='word_1_70' title='bbox 650 1098 679 1130; x_wconf 87' lang='lat' dir='ltr'><strong>E</strong></span> <span class='ocrx_word' id='word_1_71' title='bbox 716 1098 749 1130; x_wconf 82' lang='lat' dir='ltr'>R</span> <span class='ocrx_word' id='word_1_72' title='bbox 784 1096 805 1128; x_wconf 90' lang='grc' dir='ltr'>Ι</span> <span class='ocrx_word' id='word_1_73' title='bbox 842 1096 869 1128; x_wconf 88' lang='lat' dir='ltr'>P</span> <span class='ocrx_word' id='word_1_74' title='bbox 909 1095 943 1127; x_wconf 82' lang='lat' dir='ltr'>H</span> <span class='ocrx_word' id='word_1_75' title='bbox 979 1094 1013 1126; x_wconf 92' lang='lat' dir='ltr'>A</span> <span class='ocrx_word' id='word_1_76' title='bbox 1049 1094 1082 1126; x_wconf 87' lang='lat' dir='ltr'>N</span> <span class='ocrx_word' id='word_1_77' title='bbox 1116 1093 1146 1127; x_wconf 80' lang='grc' dir='ltr'>Ε</span> <span class='ocrx_word' id='word_1_78' title='bbox 1185 1092 1223 1125; x_wconf 93' lang='lat' dir='ltr'>s.</span> 
     </span>
     <span class='ocr_line' id='line_1_13' title="bbox 694 1146 1414 1226; baseline -0.014 -24"><span class='ocrx_word' id='word_1_79' title='bbox 694 1154 878 1226; x_wconf 74' lang='lat' dir='ltr'>Quanti</span> <span class='ocrx_word' id='word_1_80' title='bbox 895 1153 989 1199; x_wconf 84' lang='lat' dir='ltr'>emi</span> <span class='ocrx_word' id='word_1_81' title='bbox 1006 1162 1162 1214; x_wconf 86' lang='lat' dir='ltr'>potest</span> <span class='ocrx_word' id='word_1_82' title='bbox 1178 1147 1379 1196; x_wconf 85' lang='lat' dir='ltr'>minimo</span> <span class='ocrx_word' id='word_1_83' title='bbox 1390 1146 1414 1192; x_wconf 69' lang='grc' dir='ltr'>Ρ</span> 
     </span>
    </p>
   </div>
   <div class='ocr_carea' id='block_1_6' title="bbox 674 1251 1163 1290">
    <p class='ocr_par' dir='ltr' id='par_1_6' title="bbox 674 1251 1163 1290">
     <span class='ocr_line' id='line_1_14' title="bbox 674 1251 1163 1290; baseline -0.01 0"><span class='ocrx_word' id='word_1_84' title='bbox 674 1251 1163 1290; x_wconf 80' lang='lat' dir='ltr'><strong>&#39;EPIDICUS-</strong></span> 
     </span>
    </p>
   </div>
   <div class='ocr_carea' id='block_1_7' title="bbox 234 1298 1559 1994">
    <p class='ocr_par' dir='ltr' id='par_1_7' title="bbox 234 1298 1559 1994">
     <span class='ocr_line' id='line_1_15' title="bbox 586 1298 1552 1353; baseline -0.018 7"><span class='ocrx_word' id='word_1_85' title='bbox 586 1347 589 1353; x_wconf 67' lang='lat'><em>,</em></span> <span class='ocrx_word' id='word_1_86' title='bbox 1370 1298 1552 1346; x_wconf 81' lang='lat' dir='ltr'>Illane?</span> 
     </span>
     <span class='ocr_line' id='line_1_16' title="bbox 280 1371 1552 1447; baseline -0.016 -13"><span class='ocrx_word' id='word_1_87' title='bbox 280 1388 358 1436; x_wconf 82' lang='lat' dir='ltr'>Ad</span> <span class='ocrx_word' id='word_1_88' title='bbox 387 1383 693 1447; x_wconf 80' lang='lat' dir='ltr'>quadraginta</span> <span class='ocrx_word' id='word_1_89' title='bbox 720 1380 907 1426; x_wconf 82' lang='lat' dir='ltr'>fortasse</span> <span class='ocrx_word' id='word_1_90' title='bbox 932 1394 1035 1422; x_wconf 81' lang='lat' dir='ltr'>eam</span> <span class='ocrx_word' id='word_1_91' title='bbox 1067 1391 1202 1437; x_wconf 86' lang='lat' dir='ltr'>posse</span> <span class='ocrx_word' id='word_1_92' title='bbox 1230 1373 1325 1419; x_wconf 87' lang='lat' dir='ltr'>emi</span> <span class='ocrx_word' id='word_1_93' title='bbox 1349 1371 1552 1417; x_wconf 88' lang='lat' dir='ltr'>minimo</span> 
     </span>
     <span class='ocr_line' id='line_1_17' title="bbox 530 1457 1382 1507; baseline -0.018 -4"><span class='ocrx_word' id='word_1_94' title='bbox 530 1457 682 1502; x_wconf 85' lang='lat' dir='ltr'>minis.</span> <span class='ocrx_word' id='word_1_95' title='bbox 1379 1504 1382 1507; x_wconf 9' lang='grc' dir='ltr'>ξ</span> 
     </span>
     <span class='ocr_line' id='line_1_18' title="bbox 281 1520 1556 1592; baseline -0.017 -10"><span class='ocrx_word' id='word_1_96' title='bbox 281 1535 466 1582; x_wconf 83' lang='lat' dir='ltr'>Verum</span> <span class='ocrx_word' id='word_1_97' title='bbox 484 1566 497 1590; x_wconf 80' lang='lat'>‚</span> <span class='ocrx_word' id='word_1_98' title='bbox 532 1532 567 1576; x_wconf 83' lang='lat' dir='ltr'>si</span> <span class='ocrx_word' id='word_1_99' title='bbox 589 1532 695 1592; x_wconf 85' lang='lat' dir='ltr'>plus</span> <span class='ocrx_word' id='word_1_100' title='bbox 716 1527 922 1583; x_wconf 81' lang='lat' dir='ltr'><strong>dederis,</strong></span> <span class='ocrx_word' id='word_1_101' title='bbox 956 1523 1174 1570; x_wconf 83' lang='lat' dir='ltr'>referam:</span> <span class='ocrx_word' id='word_1_102' title='bbox 1203 1521 1323 1566; x_wconf 86' lang='lat' dir='ltr'>nihil</span> <span class='ocrx_word' id='word_1_103' title='bbox 1351 1520 1401 1564; x_wconf 90' lang='lat' dir='ltr'>in</span> <span class='ocrx_word' id='word_1_104' title='bbox 1428 1533 1479 1562; x_wconf 80' lang='lat' dir='ltr'>ea</span> <span class='ocrx_word' id='word_1_105' title='bbox 1506 1531 1556 1560; x_wconf 85' lang='lat' dir='ltr'>re</span> 
     </span>
     <span class='ocr_line' id='line_1_19' title="bbox 234 1596 788 1666; baseline -0.011 -13"><span class='ocrx_word' id='word_1_106' title='bbox 234 1596 248 1602; x_wconf 49' lang='grc'><strong><em>’</em></strong></span> <span class='ocrx_word' id='word_1_107' title='bbox 536 1604 690 1666; x_wconf 83' lang='lat' dir='ltr'>captio</span> <span class='ocrx_word' id='word_1_108' title='bbox 722 1604 788 1648; x_wconf 64' lang='grc' dir='ltr'>ἐπ.</span> 
     </span>
     <span class='ocr_line' id='line_1_20' title="bbox 286 1666 1559 1747; baseline -0.02 -15"><span class='ocrx_word' id='word_1_109' title='bbox 286 1684 448 1747; x_wconf 84' lang='lat' dir='ltr'><strong>Atque</strong></span> <span class='ocrx_word' id='word_1_110' title='bbox 470 1681 522 1727; x_wconf 80' lang='lat' dir='ltr'>id</span> <span class='ocrx_word' id='word_1_111' title='bbox 548 1696 649 1726; x_wconf 89' lang='lat' dir='ltr'>non</span> <span class='ocrx_word' id='word_1_112' title='bbox 669 1679 835 1724; x_wconf 85' lang='lat' dir='ltr'>decem</span> <span class='ocrx_word' id='word_1_113' title='bbox 862 1684 1147 1736; x_wconf 84' lang='lat' dir='ltr'>occupatum</span> <span class='ocrx_word' id='word_1_114' title='bbox 1173 1667 1261 1714; x_wconf 85' lang='lat' dir='ltr'>tibi</span> <span class='ocrx_word' id='word_1_115' title='bbox 1287 1666 1373 1712; x_wconf 81' lang='lat' dir='ltr'><strong>erit</strong></span> <span class='ocrx_word' id='word_1_116' title='bbox 1396 1676 1559 1727; x_wconf 83' lang='lat' dir='ltr'>argen-</span> 
     </span>
     <span class='ocr_line' id='line_1_21' title="bbox 536 1752 784 1800; baseline -0.02 0"><span class='ocrx_word' id='word_1_117' title='bbox 536 1765 645 1800; x_wconf 84' lang='lat' dir='ltr'>tum</span> <span class='ocrx_word' id='word_1_118' title='bbox 677 1752 784 1798; x_wconf 84' lang='lat' dir='ltr'><strong>dies.</strong></span> 
     </span>
     <span class='ocr_line' id='line_1_22' title="bbox 608 1843 1241 1889; baseline -0.019 0"><span class='ocrx_word' id='word_1_119' title='bbox 608 1857 637 1889; x_wconf 91' lang='lat' dir='ltr'>P</span> <span class='ocrx_word' id='word_1_120' title='bbox 672 1855 702 1888; x_wconf 90' lang='lat' dir='ltr'><strong>E</strong></span> <span class='ocrx_word' id='word_1_121' title='bbox 738 1855 771 1888; x_wconf 87' lang='lat' dir='ltr'>R</span> <span class='ocrx_word' id='word_1_122' title='bbox 807 1853 828 1886; x_wconf 92' lang='lat' dir='ltr'>I</span> <span class='ocrx_word' id='word_1_123' title='bbox 863 1853 891 1886; x_wconf 88' lang='lat' dir='ltr'>P</span> <span class='ocrx_word' id='word_1_124' title='bbox 930 1849 966 1884; x_wconf 88' lang='lat' dir='ltr'>H</span> <span class='ocrx_word' id='word_1_125' title='bbox 1000 1848 1035 1882; x_wconf 90' lang='lat' dir='ltr'>A</span> <span class='ocrx_word' id='word_1_126' title='bbox 1068 1848 1102 1881; x_wconf 84' lang='lat' dir='ltr'>N</span> <span class='ocrx_word' id='word_1_127' title='bbox 1137 1846 1167 1879; x_wconf 89' lang='lat' dir='ltr'><strong>E</strong></span> <span class='ocrx_word' id='word_1_128' title='bbox 1205 1843 1241 1877; x_wconf 86' lang='lat' dir='ltr'>S.</span> 
     </span>
     <span class='ocr_line' id='line_1_23' title="bbox 291 1919 578 1994; baseline -0.024 -23"><span class='ocrx_word' id='word_1_129' title='bbox 291 1924 395 1994; x_wconf 72' lang='lat' dir='ltr'>Qui</span> <span class='ocrx_word' id='word_1_130' title='bbox 426 1919 578 1968; x_wconf 85' lang='lat' dir='ltr'>dum?</span> 
     </span>
    </p>
   </div>
   <div class='ocr_carea' id='block_1_8' title="bbox 298 1997 1572 2287">
    <p class='ocr_par' dir='ltr' id='par_1_8' title="bbox 298 1997 1572 2287">
     <span class='ocr_line' id='line_1_24' title="bbox 684 1997 1183 2041; baseline -0.022 0"><span class='ocrx_word' id='word_1_131' title='bbox 684 2008 716 2041; x_wconf 80' lang='lat' dir='ltr'>E</span> <span class='ocrx_word' id='word_1_132' title='bbox 752 2008 780 2040; x_wconf 83' lang='lat' dir='ltr'>P</span> <span class='ocrx_word' id='word_1_133' title='bbox 818 2007 839 2038; x_wconf 93' lang='lat'>1</span> <span class='ocrx_word' id='word_1_134' title='bbox 874 2005 910 2037; x_wconf 85' lang='lat' dir='ltr'>D</span> <span class='ocrx_word' id='word_1_135' title='bbox 947 2003 968 2035; x_wconf 94' lang='lat'>1</span> <span class='ocrx_word' id='word_1_136' title='bbox 1005 2002 1032 2034; x_wconf 83' lang='lat' dir='ltr'>c</span> <span class='ocrx_word' id='word_1_137' title='bbox 1069 1997 1105 2031; x_wconf 85' lang='lat' dir='ltr'>U</span> <span class='ocrx_word' id='word_1_138' title='bbox 1143 1997 1183 2031; x_wconf 91' lang='lat' dir='ltr'>s.</span> 
     </span>
     <span class='ocr_line' id='line_1_25' title="bbox 423 2056 1567 2150; baseline -0.025 -23"><span class='ocrx_word' id='word_1_139' title='bbox 423 2079 553 2150; x_wconf 73' lang='lat' dir='ltr'>Quia</span> <span class='ocrx_word' id='word_1_140' title='bbox 576 2077 705 2123; x_wconf 82' lang='lat' dir='ltr'>enim</span> <span class='ocrx_word' id='word_1_141' title='bbox 732 2072 983 2121; x_wconf 82' lang='lat' dir='ltr'>mulierem</span> <span class='ocrx_word' id='word_1_142' title='bbox 1007 2067 1137 2112; x_wconf 86' lang='lat' dir='ltr'><strong>illam</strong></span> <span class='ocrx_word' id='word_1_143' title='bbox 1159 2062 1274 2108; x_wconf 84' lang='lat' dir='ltr'>alius</span> <span class='ocrx_word' id='word_1_144' title='bbox 1298 2056 1567 2107; x_wconf 76' lang='lat' dir='ltr'>adulescens</span> 
     </span>
     <span class='ocr_line' id='line_1_26' title="bbox 696 2129 1440 2191; baseline -0.022 -1"><span class='ocrx_word' id='word_1_145' title='bbox 696 2141 699 2145; x_wconf 43' lang='lat'><strong><em>¹</em></strong></span> <span class='ocrx_word' id='word_1_146' title='bbox 1233 2129 1440 2191; x_wconf 83' lang='lat' dir='ltr'><strong>deperit,</strong></span> 
     </span>
     <span class='ocr_line' id='line_1_27' title="bbox 298 2203 1572 2287; baseline -0.026 -11"><span class='ocrx_word' id='word_1_147' title='bbox 298 2228 430 2276; x_wconf 81' lang='lat' dir='ltr'>Auro</span> <span class='ocrx_word' id='word_1_148' title='bbox 448 2225 703 2287; x_wconf 84' lang='lat' dir='ltr'>opulentus</span> <span class='ocrx_word' id='word_1_149' title='bbox 719 2254 732 2277; x_wconf 78' lang='lat'>‚</span> <span class='ocrx_word' id='word_1_150' title='bbox 750 2231 948 2281; x_wconf 83' lang='lat' dir='ltr'>magnus</span> <span class='ocrx_word' id='word_1_151' title='bbox 969 2210 1100 2258; x_wconf 86' lang='lat' dir='ltr'>miles</span> <span class='ocrx_word' id='word_1_152' title='bbox 1115 2241 1129 2265; x_wconf 81' lang='grc'>,</span> <span class='ocrx_word' id='word_1_153' title='bbox 1147 2203 1361 2252; x_wconf 88' lang='lat' dir='ltr'>Rhodius</span> <span class='ocrx_word' id='word_1_154' title='bbox 1376 2236 1390 2260; x_wconf 86' lang='grc'>,</span> <span class='ocrx_word' id='word_1_155' title='bbox 1413 2210 1572 2262; x_wconf 82' lang='lat' dir='ltr'>raptor</span> 
     </span>
    </p>
   </div>
   <div class='ocr_carea' id='block_1_9' title="bbox 306 2294 1578 2419">
    <p class='ocr_par' dir='ltr' id='par_1_9' title="bbox 306 2294 1578 2419">
     <span class='ocr_line' id='line_1_28' title="bbox 551 2294 763 2342; baseline -0.024 0"><span class='ocrx_word' id='word_1_156' title='bbox 551 2294 763 2342; x_wconf 86' lang='lat' dir='ltr'>hostiurn</span> 
     </span>
     <span class='ocr_line' id='line_1_29' title="bbox 306 2325 1578 2419; baseline -0.026 1"><span class='ocrx_word' id='word_1_157' title='bbox 306 2372 563 2419; x_wconf 81' lang='lat' dir='ltr'>Gloriosus.</span> <span class='ocrx_word' id='word_1_158' title='bbox 601 2366 678 2412; x_wconf 88' lang='lat' dir='ltr'>hic</span> <span class='ocrx_word' id='word_1_159' title='bbox 700 2325 826 2410; x_wconf 51' lang='lat' dir='ltr'>emzet</span> <span class='ocrx_word' id='word_1_160' title='bbox 843 2361 970 2406; x_wconf 85' lang='lat' dir='ltr'>illam</span> <span class='ocrx_word' id='word_1_161' title='bbox 990 2357 1049 2403; x_wconf 86' lang='lat' dir='ltr'>de</span> <span class='ocrx_word' id='word_1_162' title='bbox 1071 2365 1145 2413; x_wconf 83' lang='lat' dir='ltr'>te,</span> <span class='ocrx_word' id='word_1_163' title='bbox 1173 2363 1221 2399; x_wconf 89' lang='lat' dir='ltr'>et</span> <span class='ocrx_word' id='word_1_164' title='bbox 1248 2348 1379 2396; x_wconf 83' lang='lat' dir='ltr'>dabit</span> <span class='ocrx_word' id='word_1_165' title='bbox 1409 2355 1578 2392; x_wconf 79' lang='lat' dir='ltr'>aurum</span> 
     </span>
    </p>
   </div>
   <div class='ocr_carea' id='block_1_10' title="bbox 552 2439 735 2487">
    <p class='ocr_par' dir='ltr' id='par_1_10' title="bbox 552 2439 735 2487">
     <span class='ocr_line' id='line_1_30' title="bbox 552 2439 735 2487; baseline -0.022 0"><span class='ocrx_word' id='word_1_166' title='bbox 552 2439 735 2487; x_wconf 87' lang='lat' dir='ltr'>lubens.</span> 
     </span>
    </p>
   </div>
  </div>
 </body>
</html>
