1618 2866
210 167 300 251 1⁹68
485 203 1217 256 MENAECHMEI.
1356 215 1490 262 v.26

213 309 314 380 Qui
332 308 527 354 amicam
551 310 720 356 habeas
746 311 906 357 heram
933 329 1091 359 meam
1116 315 1236 362 hanc
1254 316 1487 364 Erotium.

517 411 559 442 M
595 410 623 442 E
661 412 694 443 N
732 411 766 444 A
802 412 832 444 Ε
869 413 896 444 c
934 414 965 445 H
1004 413 1045 445 Μ
1082 413 1117 447 U
1153 415 1190 448 s.

210 468 382 529 Neque
413 470 570 516 hercle
591 470 773 530 habeo,
803 489 964 536 neque
991 485 1039 520 te
1058 509 1073 533 ,
1104 475 1209 538 quis
1231 477 1286 522 sis
1312 477 1488 534 homo,

466 558 574 595 sclo.

561 637 587 668 c
623 637 658 669 Y
694 638 725 670 L
760 639 780 670 1
815 639 848 671 Ν
885 639 919 671 D
959 640 992 672 R
1031 640 1064 672 U
1103 640 1139 673 s.

208 694 322 740 Non
353 695 434 740 scis
463 695 568 756 quis
593 712 680 760 ego
709 697 829 742 sim?
862 699 946 758 qui
974 700 1062 745 tibi
1093 700 1370 762 saepissume

213 768 453 831 Cyathisso
477 770 607 832 apud
629 787 742 828 nOS,
768 772 964 832 quando
993 785 1140 835 potas.

602 871 645 905 M
680 872 710 904 E
748 872 770 905 S
807 872 829 905 S
866 873 896 907 E
932 874 965 905 N
1000 875 1020 906 1
1057 874 1104 907 O.

1136 934 1229 982 Hei
1259 935 1402 980 mihi!

215 1002 386 1071 Quom
403 1004 521 1051 nihil
544 1015 632 1062 est,
657 1006 724 1051 illi
747 1007 831 1066 qui
849 1007 1033 1052 homini
1053 1007 1317 1053 diminuam
1333 1017 1488 1070 caput.

507 1104 549 1136 M
583 1103 613 1138 E
652 1104 685 1136 N
722 1103 754 1136 A
791 1105 820 1136 E
858 1105 884 1137 C
922 1105 955 1136 H
993 1105 1035 1137 M
1071 1103 1105 1136 U
1143 1103 1181 1137 S.

215 1164 342 1209 Tun’
369 1165 641 1226 cyathissare
662 1165 781 1210 mihi
806 1163 948 1221 soles',
974 1165 1060 1226 qui
1085 1176 1194 1210 ante
1210 1164 1340 1209 hunc
1364 1161 1492 1210 dlem

215 1239 541 1300 Epidamnum
570 1255 840 1299 numquam
865 1238 996 1296 vidi,
1023 1254 1183 1302 neque
1215 1236 1363 1285 veni?

558 1335 586 1366 c
624 1333 658 1367 Y
693 1333 724 1365 L
760 1333 780 1365 1
816 1333 848 1366 N
885 1333 920 1365 D
957 1334 990 1366 R
1028 1333 1062 1365 U
1100 1333 1139 1367 s.

1307 1383 1491 1448 Negas?

507 1463 550 1496 M
586 1463 615 1495 E
652 1463 685 1495 N
720 1461 755 1494 A
790 1461 820 1492 E
862 1462 888 1495 C
927 1462 960 1497 H
997 1463 1040 1498 M
1076 1463 1111 1496 U
1149 1462 1186 1495 S.

192 1530 195 1533 ’
217 1525 352 1589 Nego
380 1525 535 1572 hercle
566 1540 692 1570 vero.

573 1620 599 1654 C
635 1617 670 1651 Y
706 1617 737 1650 L
771 1617 790 1650 I
825 1616 859 1649 N
893 1616 928 1649 D
963 1616 997 1648 R
1035 1614 1070 1646 U
1107 1616 1143 1649 S.

295 1745 328 1791 b
667 1678 779 1725 Non
806 1688 861 1723 tu
890 1677 942 1724 in
965 1676 1106 1724 illisce
1136 1674 1331 1723 aedibus

219 1746 294 1792 Ha
330 1746 446 1792 itas?

516 1838 559 1871 M
594 1838 623 1873 Ε
660 1838 694 1870 Ν
729 1836 763 1869 A
802 1836 832 1868 E
872 1836 898 1868 c
935 1835 968 1866 H
1006 1833 1047 1865 M
1084 1833 1118 1866 U
1155 1833 1194 1866 s.

281 1897 364 1944 Dii
386 1898 489 1944 illos
506 1896 748 1952 homines,
768 1894 853 1955 qui
871 1894 964 1939 illic
986 1892 1224 1950 habitant,
1246 1891 1485 1954 perduint.

569 1997 594 2028 c
633 1980 665 2027 Y
701 1994 730 2026 1.
767 1994 787 2026 1
824 1994 855 2025 N
894 1993 930 2025 D
966 1994 999 2027 R
1036 1992 1069 2024 U
1107 1991 1143 2025 s.

220 2058 395 2107 Insanit
425 2059 501 2105 hic
533 2055 786 2118 equidem,
809 2054 895 2115 qui
920 2054 1018 2117 ipse
1042 2054 1279 2101 maledicit
1304 2054 1404 2105 sibi.

220 2129 392 2177 Audin’
408 2165 423 2191 ,
450 2127 797 2177 Menaechme?

515 2225 559 2259 M
594 2223 624 2255 E
659 2223 694 2256 Ν
729 2221 764 2255 Α
799 2222 830 2254 Ε
866 2221 892 2254 c
930 2221 963 2254 H
1000 2221 1043 2254 Μ
1081 2221 1114 2252 U
1154 2220 1191 2254 s.

784 2281 920 2352 Quid
945 2282 1049 2328 vis?

568 2379 596 2414 c
632 2378 667 2412 Y
701 2378 731 2413 L
766 2379 787 2412 1
822 2379 855 2411 N
890 2379 927 2412 D
962 2379 994 2413 R
1033 2378 1067 2410 U
1103 2378 1140 2413 s.

1041 2437 1088 2485 Si
1117 2454 1196 2484 me
1222 2438 1458 2494 consulas,
