1618 2866
94 176 227 226 affl
479 165 1005 219 AcTus1u.
1310 179 1376 224 w

105 285 227 330 Nam
247 281 379 328 illaec
410 279 671 340 catapultae
697 275 758 322 ad
784 290 864 321 me
898 272 1059 319 crebro
1087 283 1354 319 conmeant.

106 355 416 410 Adulescens,
440 351 506 398 ob
530 347 895 411 Rempublicam
921 346 1012 391 hoc
1038 345 1165 390 intus
1193 344 1312 390 mihi

104 427 259 499 Quod
274 427 452 491 insigne
469 423 623 470 habeo
638 456 652 479 ‚
673 436 875 482 quaeso,
896 434 956 464 ne
973 434 1052 464 me
1075 417 1352 464 incomities.

616 523 648 555 1.
683 521 717 554 Y
752 521 780 553 c
816 519 863 552 o.

110 599 304 646 Licetne
331 595 557 652 inforare,
580 593 615 638 si
641 588 938 636 incomitiare
960 603 1061 633 non
1087 586 1234 634 licet?

490 694 517 727 c
553 693 589 726 u
623 693 656 726 ιι
691 691 719 723 c
754 689 789 722 U
824 688 855 722 L
889 688 912 721 1
950 687 999 721 o.

112 767 466 817 Non-inforabis
492 783 571 813 me
598 764 824 827 quidem:
847 778 938 809 nec
964 762 1083 808 mihi
1109 762 1265 823 placet

113 844 278 890 Tuum
300 840 515 902 profecto
537 854 626 885 nec
650 837 837 893 forum,
861 850 951 880 nec
970 833 1234 880 comitium.

114 915 209 963 Sed
224 915 355 961 hunc
368 948 384 972 ,
405 930 552 975 quem
573 927 773 974 quaero,
797 918 1147 956 conmonstrare
1168 906 1204 951 si
1228 917 1387 968 potes,

112 987 258 1034 Inibis
280 1004 307 1033 a
324 1003 403 1033 me
429 985 627 1032 solidam
654 995 703 1030 et
728 981 956 1048 grandem
981 982 1192 1046 gratiam.

113 1061 360 1125 Lyconem
383 1076 559 1121 quaero
585 1057 869 1118 trapezitam.
931 1073 933 1076 ⁴

623 1159 654 1192 1.
690 1158 723 1191 Y
762 1157 788 1188 c
827 1155 878 1188 o.
924 1151 928 1153 ’

91 1294 95 1295 ⁷
240 1280 247 1282 ‚
921 1220 1013 1268 Dic
1034 1222 1184 1282 mihi,

119 1301 255 1374 Quid
282 1317 394 1347 eum
423 1313 558 1345 nunc
584 1295 798 1356 quaeris?
830 1305 913 1340 aut
945 1294 1149 1341 cuiatis?

501 1393 529 1425 c
565 1391 599 1423 U
634 1392 667 1423 R
702 1390 732 1422 c
766 1389 800 1421 U
835 1389 867 1422 1.
902 1389 923 1422 1
958 1389 1009 1422 ο.

1164 1450 1388 1511 Eloquar.

120 1529 196 1577 Ab
216 1525 635 1590 Therapontigono
662 1521 957 1587 Platagidoro
978 1521 1149 1567 milite.

623 1616 657 1650 1.
690 1617 725 1649 Y
762 1616 790 1648 c
830 1614 882 1646 o.

122 1689 248 1736 Novi
266 1686 437 1747 edepol
463 1699 643 1731 nomen
662 1703 672 1728 :
706 1699 819 1729 nam
842 1681 963 1727 mihi
984 1681 1101 1728 istoc
1127 1681 1323 1727 nomine
1341 1715 1359 1739 ‚

122 1763 257 1809 Dum
280 1760 456 1816 scribo,
484 1757 672 1818 explevi
703 1767 823 1802 totas
845 1771 967 1801 ceras
986 1766 1205 1815 quatuor.

124 1833 218 1881 Sed
247 1832 369 1895 quid
394 1831 642 1894 Lyconem
672 1827 888 1890 quaeris?

511 1927 542 1960 C
570 1926 605 1959 U
640 1927 675 1960 R
711 1926 738 1959 C
777 1924 812 1958 U
846 1924 878 1958 L
912 1924 934 1956 1
972 1924 1025 1956 O.

868 1998 1151 2045 Mandatum
1171 1998 1225 2044 ’st
1245 1998 1394 2054 mihi,

132 2072 196 2119 Ut
213 2073 292 2120 has
312 2073 501 2120 tabellas
524 2072 586 2118 ad
611 2086 726 2117 eum
748 2070 932 2118 ferrem.

635 2175 667 2208 L
702 2175 736 2207 Y
775 2175 801 2207 c
840 2175 892 2208 o.

915 2243 1036 2314 Quis
1060 2253 1118 2288 tu
1145 2242 1303 2288 homo*
1325 2237 1404 2284 es?

519 2345 547 2378 c
582 2345 618 2377 U
651 2345 687 2378 R
721 2345 748 2376 c
782 2344 819 2377 U
847 2343 877 2377 Ι,
913 2343 933 2376 1
970 2343 1019 2376 o.

135 2415 351 2471 Libertus
368 2417 510 2478 illius,
532 2435 679 2481 quem
693 2435 857 2466 omnes
875 2417 1195 2524 Summamem
1212 2405 1399 2460 vocant.

1178 2493 1213 2536 4
