1618 2866
80 201 126 234 v.
166 199 217 231 ιι
369 183 655 231 ACTUS
708 184 788 230 11.
839 145 941 230 Sc,
994 183 1075 230 11.
1124 180 1128 183 ’
1295 200 1354 246 93

436 305 472 336 A
507 304 536 336 P
572 305 605 337 o
640 304 671 336 E
706 304 734 336 c
769 296 862 335 1¹1)
895 302 927 335 E
963 301 1001 335 s.

1159 361 1360 408 Pulchxa

85 435 272 499 Edepol
298 435 383 483 dos
409 436 613 498 pecunia
637 436 704 482 ’st.

410 543 442 577 1>
475 542 507 575 Ε
541 544 575 576 R
609 542 631 574 1
662 542 691 575 Ρ
726 541 761 576 Η
795 542 830 575 Α
864 542 898 575 N
932 542 962 575 Ε
998 541 1037 576 s.

438 614 580 684 Quae
613 613 812 674 quidem
828 614 915 674 pol
932 628 1033 659 non
1055 613 1266 660 maritata
1286 614 1354 661 ’st.

442 768 481 814 S
531 766 570 813 C
610 767 656 813 E
696 768 751 814 N
784 769 825 814 A
891 769 923 814 1
949 768 988 814 Ι.

136 905 463 944 ,nmmo-5,
502 906 866 943 APOECIDES,
906 904 1316 945 PERIPHANES.

476 1033 978 1068 EPIDICUS.

94 1086 168 1200 S
185 1165 247 1209 T,
278 1151 340 1197 st!
366 1160 529 1196 tacete.
557 1150 730 1196 habete
754 1149 971 1198 animum
997 1151 1199 1197 bonurn.
1221 1151 1367 1211 liqui-

348 1222 411 1266 do
431 1237 550 1267 exeo
577 1222 696 1268 foras

96 1294 320 1357 Auspicio
336 1330 351 1353 ,
380 1297 454 1342 avi
482 1296 683 1343 sinistra:
718 1307 916 1343 acutum
946 1298 1156 1344 cultrum
1182 1289 1336 1342 hab'eo
1351 1329 1366 1354 ‚

352 1369 470 1414 senis
499 1369 586 1429 qui
616 1380 888 1429 exenterem

96 1440 401 1502 Mmupium.
431 1441 513 1488 sed
536 1457 702 1487 eccum
728 1442 888 1503 ipsum
914 1453 1024 1488 ante
1040 1441 1163 1488 aedis
1181 1441 1368 1502 conspi-
1425 1490 1427 1492 ,

345 1530 425 1561 cor
452 1514 719 1576 Apoecidae
732 1549 748 1573 ‚

99 1586 262 1656 Qualis
292 1589 436 1646 volu,
464 1590 649 1635 vetulos
674 1589 788 1634 duo.
816 1590 918 1652 jam
948 1603 1037 1651 ego
1062 1603 1140 1632 me
1167 1602 1371 1633 convor-

352 1671 451 1707 tam
484 1661 534 1706 in
561 1661 833 1707 hirudinem
849 1695 864 1718 ,

99 1728 260 1792 Atque
290 1749 458 1779 eorum
493 1734 730 1798 exsugebo
757 1733 1034 1798 sanguinem
1048 1766 1064 1791 ,
1105 1732 1251 1778 senati
1282 1729 1369 1793 qui

352 1807 578 1852 columen
604 1808 779 1852 cluent.

453 1913 489 1945 A
523 1913 552 1945 Ρ
589 1913 621 1945 o
657 1912 687 1944 Ε
723 1912 751 1944 c
786 1912 806 1944 1
840 1912 876 1944 D
910 1910 941 1943 E
977 1908 1016 1943 S.

106 1979 347 2027 Continuo
375 1992 431 2027 ut
451 1980 644 2027 maritus
673 1979 767 2025 fiat.

422 2096 452 2129 P
488 2097 518 2129 E
553 2098 588 2131 R
621 2097 643 2128 Ι
675 2096 704 2129 P
741 2094 776 2127 H
810 2094 845 2126 A
879 2093 916 2126 N
947 2091 978 2123 E
1015 2090 1055 2124 S.

758 2152 927 2200 Laudo
947 2150 1199 2198 consilium
1215 2159 1372 2195 tuum.

457 2250 1019 2289 APOECIDES.

113 2318 235 2365 Nam
264 2333 351 2382 ego
373 2319 510 2366 illum
536 2321 695 2367 audivi
732 2321 782 2365 in
816 2333 975 2364 amore
1004 2318 1213 2371 haerere,
1244 2310 1375 2373 apud

360 2391 513 2437 nescio
542 2409 690 2453 quam
711 2391 962 2439 fidicinam.
