1618 2866
76 191 204 239 Ἄδα
369 187 659 268 ΑΟΪΠΒ
710 189 809 237 IV.
861 189 1132 238 SC.111.
1263 194 1358 254 613‘

72 297 286 355 litibus,
317 305 478 358 neque
504 298 643 344 tricis.
676 286 827 359 ‘quam
859 299 926 345 ob
953 316 1055 345 rem
1081 314 1168 362 ego
1193 313 1357 362 argens

326 381 434 416 tum
468 387 716 416 numerem
752 370 904 416 foras?

73 441 176 487 Nisi
203 441 458 503 mancupio
484 442 662 503 accipio
677 475 692 499 ,
722 441 844 502 quid
869 458 926 488 eo
952 441 1070 488 mihi
1093 457 1212 504 opus
1235 454 1354 490 mer}

310 515 568 563 ,cimonioi’

259 643 267 649 ι
495 599 527 632 Τ
563 603 596 636 o
631 599 668 632 x
703 601 725 633 1
760 601 791 634 L
825 601 861 634 U
899 600 934 634 s.

63 659 262 718 ,Tacen’‚
281 677 341 706 an
362 676 462 706 non
485 670 604 707 taces
618 661 640 706 ?
665 677 933 723 numquam
960 677 1047 726 ego
1067 671 1115 708 te
1138 671 1236 708 tam
1254 676 1347 707 esse

323 734 551 779 matulam
579 735 772 781 credidi.

69 805 213 876 Quid
240 806 446 853 metuis?

457 885 492 916 D
536 883 569 917 0
606 885 640 918 R
673 886 710 918 D
745 884 781 918 A
817 886 847 919 L
884 885 920 919 U
958 886 997 920 S.

165 942 335 989 Metuo
352 943 507 989 hercle
523 960 658 989 vero:
695 945 813 989 sensi
836 961 924 1009 ego
944 946 1044 1008 jam
1067 944 1351 1006 conpluries:

67 1015 239 1078 Neque
264 1018 382 1063 mihi
408 1017 536 1063 haud
558 1018 760 1079 inperito
781 1018 995 1082 eveniet,
1021 1018 1105 1064 tali
1124 1029 1179 1064 ut
1202 1018 1253 1062 in
1273 1018 1349 1063 lu-

322 1101 375 1135 to
409 1090 638 1136 haeream.
1256 1114 1258 1116 ·

355 1215 363 1220 ,
493 1185 526 1217 Τ
561 1185 595 1217 o
630 1184 667 1216 x
701 1183 723 1216 1
758 1182 791 1216 L
827 1183 862 1217 U
900 1183 935 1217 s.

67 1242 197 1291 Nihil
218 1243 416 1306 periculi
447 1243 652 1290 videtur.

457 1330 494 1363 D
531 1330 565 1363 Ο
599 1331 635 1363 R
669 1331 705 1362 D
740 1328 776 1362 A
812 1330 844 1362 L
882 1328 918 1362 U
953 1327 994 1362 S.

602 1387 708 1435 Scio
735 1390 880 1446 istuc,
907 1388 991 1434 sed
1022 1398 1189 1435 metuo
1215 1379 1347 1434 mihiss

487 1484 519 1517 T
557 1484 590 1517 Ο
627 1484 664 1518 X
700 1486 721 1518 1
754 1485 786 1517 L
824 1484 858 1516 U
894 1483 932 1516 S.

66 1541 175 1588 Mea
213 1542 412 1603 quidem
443 1544 560 1590 istuc
595 1543 714 1589 nihil
742 1542 908 1592 refe1t;
928 1532 1030 1588 stua
1069 1558 1157 1606 ego
1192 1543 1347 1589 refero

317 1616 459 1679 gratia
474 1651 488 1673 ,

66 1683 134 1730 Ut
165 1685 251 1733 tibi
273 1698 398 1732 recte
429 1687 713 1733 conciliandi
737 1688 894 1749 primo
915 1653 1128 1733 'facerem
1147 1686 1346 1747 copiam.

458 1781 493 1812 D
536 1780 568 1813 Ο
608 1783 642 1815 R
675 1783 711 1814 D
746 1780 781 1813 A
816 1781 847 1814 L
883 1779 920 1812 U
955 1779 992 1813 S·

66 1838 277 1885 Gratiam
308 1840 476 1887 habeo.
513 1842 595 1888 sed
621 1854 669 1888 te
700 1842 762 1889 de
789 1841 911 1899 aliis,
944 1857 1093 1902 quam
1127 1841 1242 1888 alios
1282 1841 1343 1888 de

323 1922 373 1958 te
402 1914 639 1961 suaviu'st

69 1983 189 2031 Fieri
217 1985 390 2034 doctos.

486 2066 520 2097 T
556 2065 588 2099 o
624 2064 662 2097 x
695 2065 717 2097 1
751 2064 782 2097 1.
820 2064 857 2097 U
893 2063 929 2097 s.

348 2110 434 2172 *Ne
457 2126 562 2187 quis
582 2141 698 2171 vero
724 2140 784 2169 ex
805 2123 1018 2169 Batbaria
1041 2123 1344 2184 penitissuma

71 2193 387 2255 Persequatur.
420 2200 563 2246 etiam
591 2210 645 2247 tu
669 2198 799 2243 issam
825 2197 1056 2244 destinas?

388 2267 393 2271 ”
456 2295 492 2326 D
529 2293 562 2327 o
600 2293 634 2326 ιι
667 2292 704 2325 D
738 2291 774 2324 A
807 2291 839 2325 1.
875 2291 911 2324 U
947 2291 983 2325 s.

816 2361 818 2363 ’
961 2349 1167 2398 Videam
1196 2351 1345 2397 modo

923 2453 1146 2555 'Qq3

69 2411 447 2460 Mercimonium.
