1618 2866
129 217 225 265 m
422 208 714 260 ACTUS
762 206 1079 256 1.SC.11.
1341 206 1398 264 8⁷

394 341 422 375 C
457 340 492 374 H
527 341 562 374 A
598 340 628 374 E
665 342 699 375 R
733 339 755 373 1
790 339 817 372 B
854 337 892 372 U
924 337 955 372 1.
992 338 1029 372 U
1063 335 1102 371 S.

124 410 233 471 Jam
254 409 369 455 istoc
393 407 588 468 probior
606 423 673 463 ες,
691 421 800 450 meo
821 403 1019 466 quidem
1040 401 1227 461 animo,
1246 416 1405 463 quom

378 479 431 525 in
459 495 618 525 amore
645 489 890 538 temperes.
1322 485 1330 495 ·

346 572 1171 613 STRATIPPOCLES.

92 706 98 709 μ
129 648 260 695 Nihil
289 647 382 712 agit
396 681 411 704 ,
440 645 526 707 qui
552 643 845 690 diffidentem
875 642 1028 689 verbis
1063 643 1237 688 solatur
1259 642 1365 687 suis.

127 721 173 768 Is
201 730 267 767 est
292 717 467 766 amicus
482 750 497 774 ,
529 715 615 778 qui
632 715 683 762 in
709 731 764 766 re
790 713 936 760 dubia
962 730 1013 759 re
1032 714 1171 778 juvat
1188 747 1202 770 ,
1238 712 1323 759 ubi
1347 727 1398 758 te

374 802 444 838 est
468 807 602 853 opus.

393 891 422 925 C
455 891 491 925 Η
526 891 562 924 A
595 890 627 923 E
660 891 696 925 R
730 889 751 922 1
788 889 818 922 B
854 887 890 922 U
923 888 954 922 L
991 887 1027 922 U
1063 887 1104 922 S·

128 952 267 1024 Quid
290 953 380 1001 tibi
400 969 479 999 me
506 953 574 999 vis
597 951 744 998 facere
758 950 781 996 Ρ

344 1041 1167 1082 STRATIPPOGLES.

537 1112 733 1176 Argenti
754 1111 866 1157 dare
879 1109 1195 1173 >quadraginta
1212 1108 1360 1153 minas
1376 1142 1394 1164 ,

126 1185 281 1255 Quod
294 1185 513 1233 Danistae
531 1184 697 1242 detur,
729 1182 860 1229 unde
882 1198 971 1251 ego
990 1180 1114 1228 illud
1133 1181 1276 1227 sumsi
1293 1179 1393 1227 foe-

369 1273 500 1303 nore.

401 1348 1108 1385 CRAERIBULUS.

124 1419 172 1467 Si
201 1420 354 1466 hercle
380 1419 604 1466 haberem
622 1452 636 1476 ,
667 1432 769 1464 non
794 1433 1028 1482 negatem.

341 1518 1165 1557 STRATIPPOCLES.

661 1580 785 1626 Nam
809 1580 931 1641 quid
963 1591 1010 1625 te
1038 1580 1180 1644 igitur
1196 1580 1383 1636 retulit,

119 1651 393 1700 Beneficum
438 1669 530 1699 esse
563 1653 776 1700 oratione
790 1686 806 1711 ‚
849 1653 890 1699 si
920 1652 982 1699 ad
1017 1669 1121 1699 tem
1156 1653 1394 1700 auxilium

366 1740 642 1776 emortuum
671 1729 758 1775 ’st?
1363 1725 1367 1728 “

390 1821 1097 1856 CHAERIBULUS.

121 1890 257 1960 Quin
279 1891 453 1954 edepol
470 1902 659 1958 egomet
679 1894 885 1939 clamore
903 1892 1162 1958 diffatigor,
1181 1892 1382 1940 differor.

334 1992 1160 2028 STRATIPPOCLES.

119 2055 281 2102 Malim
322 2059 587 2106 istiusmodi
625 2061 749 2107 mihi
783 2061 971 2108 amicos.
992 2061 1135 2109 fumo
1180 2078 1393 2118 mersos,

368 2148 513 2192 quam
538 2132 656 2180 foro.

60 2255 61 2258 Ἰ
122 2198 216 2245 Sed
242 2217 430 2263 operam
450 2205 633 2266 Epidici
663 2221 795 2253 nunc
821 2223 901 2254 me
928 2223 1085 2255 emere
1104 2209 1258 2270 pretio
1283 2223 1394 2268 pre-

368 2276 487 2322 tioso
515 2279 673 2324 velim.

122 2343 287 2413 Quem
320 2348 516 2409 quidem
551 2367 639 2414 ego
677 2351 926 2400 hominem
964 2354 1217 2418 inrigatum
1246 2352 1404 2414 plagis..

374 2419 535 2479 pistoxi
565 2421 717 2474 dabo;

1101 2497 1140 2543 F
1170 2514 1201 2556 4
