1618 2866
1356 144 1448 204 ᾧ]

358 287 1247 372 ΑΒῡυΜΕᾉἩΓυΜ

476 464 575 527 (Ut
607 462 894 525 quibusdam
919 463 1144 526 videtut)

562 596 1055 639 PRISCIANL

237 726 381 774 MAN
396 735 525 771 UMI
539 734 659 770 SIT
690 735 819 768 emtos
844 739 941 768 suos
968 739 1130 768 amores
1159 723 1452 778 Philolaches,

178 799 429 861 omnemque
463 797 631 841 absente
666 813 755 840 rem
787 813 861 841 suo
892 797 1077 842 absumit
1098 811 1241 865 patre.

173 872 350 919 Senem
383 882 432 915 ut
456 871 646 917 revenit,
674 869 925 932 ludificatur
962 868 1147 914 Tranio.-

179 945 394 1008 Terrifica
420 955 610 988 monstra
639 946 704 987 ait
731 943 869 988 videri
896 944 940 986 in
969 943 1165 991 aedibus,

174 1016 236 1061 Et
258 1016 355 1060 inde
372 1017 561 1078 primum
590 1016 862 1075 emigratum.
882 1015 1121 1070 intervenit

178 1090 410 1151 Lucripeta
431 1087 568 1150 fenus
580 1085 810 1149 fenerator
829 1086 1070 1149 postulans.

180 1161 406 1222 Luciusque
436 1177 606 1204 rursum
621 1163 689 1222 fit
717 1176 858 1204 senex.
889 1176 990 1204 nam
1021 1171 1217 1205 mutuum
1257 1192 1266 1208 ι

180 1235 413 1297 Acceptum
440 1233 546 1277 dicit
565 1235 729 1297 pignus
756 1234 876 1277 emtis
902 1233 1073 1278 aedibus
1090 1253 1103 1277 .·

179 1305 377 1367 Requirit
400 1315 506 1366 quae
533 1306 648 1348 sint.-
683 1305 750 1348 ait
780 1304 912 1348 vicini
935 1306 1156 1366 proxumi.

180 1377 403 1440 Inspectat
432 1375 546 1420 illas.
571 1386 673 1438 post
689 1390 739 1419 ·se
774 1374 957 1419 derisum
981 1374 1118 1420 dolet.-

182 1449 248 1494 Ab
277 1450 347 1493 sui
373 1447 514 1493 sodale
538 1449 670 1510 gnati
699 1459 906 1493 exoratur
937 1460 1092 1494 tamen.

246 1598 1400 1659 ALIUDARGUMENTUM

548 1738 1085 1779 CAMERARII.

187 1885 201 1889 ’“
251 1868 307 1913 H
309 1879 341 1914 A
356 1881 391 1913 E
407 1881 436 1914 c
453 1868 617 1932 fabula
640 1868 877 1913 hilaritatis
897 1879 939 1912 et
943 1867 1208 1931 festivitatis
1221 1869 1354 1932 plena
1377 1879 1464 1917 est,

188 1943 317 1985 etiam
341 1942 489 1986 multis
516 1941 631 1986 bonis
657 1943 876 1985 sententiis
902 1943 1098 2002 insignis.
1126 1939 1186 1986 Et
1210 1945 1464 2005 proponitur

191 2015 423 2077 exemplum
457 2016 502 2058 in
543 2013 624 2058 Ιιασ
656 2015 923 2059 consiliorum
951 2015 1161 2059 malorum
1199 2026 1242 2057 et
1266 2013 1467 2075 fraudu⁴

194 2083 430 2130 lentorum;
458 2102 563 2147 quae
589 2087 690 2147 quia
707 2089 848 2148 firma
880 2102 965 2130 esse
991 2102 1071 2130 non
1092 2096 1300 2148 possunt,
1325 2087 1467 2148 requi-

152 2190 160 2196 .
192 2164 297 2195 runt
318 2170 444 2199 novas
466 2171 626 2224 semper
647 2156 893 2203 machinas,
920 2157 1068 2218 quibus
1085 2152 1341 2219 fulciantur
1355 2176 1368 2201 .-
1391 2157 1466 2201 do-

194 2240 271 2268 nec
304 2227 472 2271 tandem
504 2242 639 2274 ruunt
671 2231 810 2274 omnia
847 2229 1107 2292 deprehensis
1140 2230 1257 2274 dolis.
1301 2231 1468 2276 Nomen

186 2295 371 2360 fabulae
398 2293 578 2361 inditum
608 2314 671 2346 est
703 2320 731 2347 a
752 2302 981 2347 monstris.
1014 2302 1134 2348 Nam
1164 2319 1291 2347 senex
1325 2321 1351 2346 a
1377 2320 1468 2347 ser*-

197 2386 245 2416 νο
281 2371 404 2431 quasi
440 2375 628 2419 manium
666 2376 866 2422 monstris
904 2387 1157 2421 exterretur.
1202 2375 1364 2419 Mentio
1401 2378 1470 2438 fit

276 2440 450 2488 mun
1118 2446 1271 2509 oga
