1618 2866
242 181 307 233 28
595 176 1162 227 CURCULro.
1418 135 1524 224 κέ

611 301 638 332 C
676 297 710 330 A
749 298 776 330 P
817 297 844 329 P
882 296 917 330 A
953 297 988 331 D
1025 296 1056 330 O
1092 295 1143 330 X.

238 367 367 413 Facit
385 367 461 413 hic
488 366 624 427 quod
653 363 823 426 pauci,
842 375 897 411 ut
913 363 971 410 si't
992 363 1212 427 magistro
1239 360 1520 423 obsequens.

239 438 315 485 Da
342 438 412 486 mi
440 437 580 501 igitur
608 453 818 499 operam.

694 530 723 562 c
760 530 792 562 ο
832 529 867 578 Q
902 528 937 560 U
975 527 1010 560 U
1046 527 1084 562 s.

855 596 1066 642 Tametsi
1093 611 1194 642 non
1216 594 1359 652 novi,
1384 589 1524 639 dabo.

621 693 647 725 c
683 690 718 723 A
755 691 783 724 P
820 692 848 724 P
885 691 919 723 A
956 692 992 724 D
1030 691 1061 723 o
1099 692 1150 725 x.

245 761 348 809 Hac
374 772 515 808 nocte
534 761 583 807 in
603 760 779 807 somnis
797 760 920 806 visus
943 775 1048 804 sum
1072 758 1271 804 viderier
1286 792 1301 816 ‚

243 834 416 879 Procul
442 833 600 878 sedere
635 833 779 896 Longe
806 848 832 876 a
859 847 937 875 me
967 829 1300 892 Aesculapium
1316 863 1331 887 ,

246 905 419 966 Neque
449 922 562 951 eum
589 904 650 950 ad
672 920 750 950 me
781 902 935 961 adire,
959 919 1121 964 neque
1149 919 1233 949 me
1250 901 1525 967 magnipen-

498 978 608 1024 dere

245 1043 361 1092 Visu
384 1044 451 1090 ’st.

689 1127 716 1159 c
754 1126 786 1160 o
824 1126 860 1176 Q,
894 1126 930 1160 U
970 1126 1006 1160 u
1042 1125 1082 1160 S.

472 1197 596 1242 Item
624 1195 738 1241 alios
764 1194 892 1240 Deos
915 1192 1117 1239 facturos
1144 1190 1335 1241 scilicet..

251 1268 371 1316 Sane
402 1269 470 1314 illi
499 1269 621 1314 inter
644 1284 689 1313 se
717 1277 989 1330 congruunt
1014 1266 1323 1330 concorditer.

250 1342 382 1387 Nihil
411 1353 477 1387 est
506 1340 806 1395 mirandum,
837 1339 1006 1384 melius
1034 1338 1069 1382 si
1097 1338 1217 1384 nihil
1247 1340 1305 1385 sit
1331 1339 1447 1386 tibi:

251 1415 475 1475 Namque
501 1413 726 1460 incubare
755 1412 892 1457 satius
918 1422 966 1456 te
993 1410 1144 1456 fuerat
1167 1404 1309 1469 Jovi,

252 1487 357 1556 Qui
381 1487 470 1533 tibi
497 1486 728 1533 auxilium
755 1485 805 1530 in
826 1483 1135 1547 jurejurando
1164 1482 1268 1529 fuit.

639 1582 666 1613 C
703 1582 737 1613 A
771 1580 800 1612 P
835 1579 863 1611 P
901 1579 935 1612 A
969 1580 1004 1612 D
1043 1579 1075 1611 Ο
1112 1579 1163 1612 X.

254 1644 503 1707 Siquidem
530 1649 752 1694 incubare
781 1647 957 1703 velino,
983 1647 1069 1707 qui
1094 1647 1469 1711 perjuraverint,

254 1721 407 1769 Locus
429 1739 530 1769 non
555 1722 767 1785 praeberi
793 1721 917 1783 potis
946 1731 1012 1766 est
1039 1721 1089 1766 in
1118 1720 1367 1781 Capitolio.

706 1815 733 1847 c
770 1815 802 1847 ο
841 1815 876 1863 Q
910 1813 944 1844 U
982 1813 1016 1844 U
1054 1812 1090 1845 s.

257 1883 366 1929 Hoc
392 1882 607 1929 animum
637 1882 858 1928 advorte:
891 1898 1058 1943 pacem
1084 1881 1147 1927 ab
1171 1880 1451 1943 Aesculapio

255 1958 391 2004 Petas
406 1992 422 2014 ⁷
451 1974 513 2003 ne
537 1957 657 2003 forte
672 1958 771 2003 tibi
805 1957 989 2004 eveniat
1015 1973 1247 2020 magnum
1268 1957 1450 2002 malum
1465 1987 1482 2011 ,

258 2032 410 2102 Quod
439 2032 490 2078 in
521 2032 683 2092 quiete
714 2032 801 2077 tibi
830 2041 1110 2093 portentum
1140 2031 1206 2076 ’st.

629 2125 656 2157 c
696 2124 729 2157 A
768 2125 797 2158 P
834 2124 862 2158 P
898 2123 932 2157 A
966 2124 1001 2157 D
1037 2123 1069 2156 o
1106 2123 1156 2156 x.

1222 2181 1351 2228 Bene
1377 2180 1501 2228 facis.-

258 2260 379 2319 Ibo,
407 2271 551 2324 atque
582 2261 741 2308 orabo.

693 2354 720 2386 c
757 2353 789 2386 o
828 2352 866 2402 Q
899 2351 935 2385 u
972 2351 1006 2383 U
1042 2350 1081 2385 s.

778 2423 917 2492 Quae
946 2439 1014 2469 res
1039 2423 1161 2468 male
1185 2431 1338 2469 vortat
1365 2419 1467 2467 tibi.
