1618 2866
45 178 173 225 r.37
338 161 623 211 ACTUS
672 164 751 209 ΙΙ.
801 161 908 210 SC.
958 165 1037 211 II.
1228 167 1320 228 263

45 272 190 318 Pilius
223 287 369 332 quam
400 270 591 318 advexit
623 287 756 317 meus
785 272 923 318 matri
955 272 1170 320 ancillam
1197 291 1320 322 suae.

45 343 208 413 Quam
246 360 334 408 ego
372 354 629 404 postquam
664 343 852 406 aspexi,
887 359 989 390 non
1020 345 1085 391 ita
1114 361 1223 393 amo
1263 358 1322 394 ut

296 414 393 460 sani
424 416 577 460 solent

44 487 307 534 Homines:
339 487 620 548 sed-eodem
649 498 790 548 pacto
825 498 882 533 ut
907 488 1056 534 insani
1087 491 1253 537 solent.

44 561 215 609 Amavi
231 564 386 610 hercle
413 561 639 622 equidem
658 575 749 624 ego
775 561 891 606 olim
913 562 964 607 in
983 563 1317 612 adulescentia:

45 633 228 681 Verum
255 634 317 681 ad
340 635 433 680 hoc
461 633 740 694 exemplum
769 647 1071 694 numquam,
1100 647 1157 682 ut
1187 650 1321 684 nunc

300 705 493 752 insanio.

44 777 209 824 Unum
239 778 437 840 quidem
464 779 620 825 hercle
638 778 740 842 jam
765 778 888 836 scio,
921 780 1106 840 periisse
1131 797 1226 828 me.

43 850 242 897 Vosmet
272 852 432 898 videte
464 863 672 898 ceterum
691 885 705 908 ,
735 852 903 912 quanti
929 854 1056 899 siem.

41 921 187 969 Nunc
219 923 312 970 hoc
339 923 554 985 profecto
582 923 645 969 sic
681 934 770 969 est:
806 924 920 969 haec
948 925 1026 969 illa
1042 926 1095 971 ’st
1128 942 1277 987 capra.

43 994 139 1041 Sed
153 997 282 1042 simia
303 997 382 1042 issa
405 1008 551 1057 atque
575 995 753 1041 haedus
767 1028 782 1053 ,
812 997 986 1055 timeo,
1010 999 1130 1058 quid
1153 1001 1320 1047 velints

43 1069 141 1117 Sed
171 1071 495 1118 conticescam.
526 1069 740 1117 vicinum
768 1073 965 1117 eccum!
997 1073 1095 1118 exit
1120 1072 1251 1119 foras.

427 1197 758 1245 SCENA
830 1200 932 1246 ΙΙ.

98 1316 735 1356 LYSIMAGHUS‚
790 1319 1260 1364 DEMIPHO..

466 1400 886 1441 LoRARII.

343 1538 1007 1574 LYSIMACHU&

43 1587 142 1703 P
146 1667 266 1700 ROF
283 1667 314 1699 Ε
330 1668 445 1700 CTo
475 1672 564 1720 ego
591 1656 739 1703 illunc
765 1657 951 1704 hircum
978 1658 1158 1705 castrari
1177 1660 1317 1718 volo,

42 1727 167 1775 Ruri·
194 1728 282 1788 qui
305 1728 443 1774 nobis
471 1729 667 1775 exhibet
699 1731 963 1794 negotium.

214 1857 218 1859 Β
448 1813 484 1844 D
520 1814 551 1845 Ε
588 1815 630 1846 Μ
666 1814 687 1846 1
724 1815 753 1848 P
789 1814 823 1846 Η
857 1815 903 1848 ο.

45 1870 146 1927 Nec
168 1870 314 1918 omen
344 1872 465 1919 illud
490 1874 636 1931 mihi,
670 1891 758 1921 nec
787 1876 1053 1937 auspicium
1084 1878 1253 1938 placet.

48 1942 195 2009 Quasi
213 1944 426 2002 hircum,
450 1956 617 1991 metuo
631 1980 646 2004 ‚
675 1963 736 1993 ne
762 1965 884 1994 uxor
905 1966 984 1995 me
1001 1962 1166 1996 castret
1189 1968 1320 2009 mea,

49 2012 209 2074 Atque
242 2016 363 2063 illius
392 2018 507 2063 haec
538 2035 669 2066 nunc
698 2021 858 2067 simiae
885 2022 1026 2083 partis
1059 2023 1187 2068 ferat.

360 2112 392 2144 L
426 2113 461 2144 Y
496 2112 520 2145 S
555 2114 576 2146 1
610 2115 654 2147 Μ
689 2115 725 2148 A
760 2117 787 2148 C
824 2115 859 2148 H
894 2115 930 2147 U
966 2116 1003 2149 S.

49 2167 74 2212 I
105 2178 159 2213 tu
189 2168 299 2215 hinc
329 2172 391 2216 ad
413 2174 601 2232 villam,
629 2187 775 2237 atque
797 2176 907 2222 istos
932 2187 1097 2222 rastros
1122 2176 1282 2223 villico

50 2241 176 2285 Pisto
203 2241 290 2310 ipsi
317 2243 453 2291 facito
482 2263 639 2293 coram
668 2260 724 2294 ut
748 2249 897 2294 tradas
923 2249 974 2295 in
1001 2256 1214 2294 manum.

51 2311 199 2358 Uxori
226 2313 364 2359 facito
392 2327 448 2361 ut
478 2321 666 2366 nunties
683 2356 697 2378 ,
727 2323 976 2385 negotium

49 2384 172 2431 Mihi
207 2402 298 2431 esse
327 2386 378 2432 in
406 2389 552 2448 urbe,
579 2407 642 2437 ne
664 2410 744 2439 me
771 2404 1037 2455 exspectet:
1071 2408 1182 2437 nam
1205 2390 1322 2437 mihi

993 2465 1096 2521 R4
