1618 2866
26 157 156 206 V.39
320 136 612 187 ACTUS
663 137 744 183 II.
794 134 1051 184 SC.III.
1218 151 1308 195 271

13 236 151 315 *Ergo
176 247 351 310 edepol
377 248 547 309 palles:
577 246 613 291 si
641 245 812 307 sapias,
844 261 943 302 eas,
974 261 1027 294 ac
1052 243 1311 292 decumbas

280 320 427 366 domi.
1128 319 1152 331 ·

413 414 440 446 c
478 412 512 445 Η
550 412 586 444 A
622 412 655 448 R
690 412 711 444 1
745 412 779 445 N
819 411 855 444 U
892 410 930 446 s.

30 473 206 521 Otium
239 488 341 518 non
374 482 455 517 est.
491 469 721 516 mandatis
746 470 887 516 rebus
916 471 1152 532 praevorti
1180 473 1309 520 volo,

296 610 304 616 ,
433 571 469 603 D
506 570 537 602 E
574 569 616 602 M
650 569 672 602 1
706 570 735 602 P
770 570 806 603 Η
841 571 889 603 ο.

31 633 139 680 Cras
166 632 291 697 agito
307 666 321 691 ‚
350 628 578 693 perendie
608 628 748 693 agito.

302 718 309 721 *
412 732 452 764 -c
488 730 523 764 Η
556 730 592 763 A
627 730 661 763 R
695 730 718 763 1
749 730 784 763 N
818 730 854 763 u
890 731 929 765 s.

601 789 750 852 Saepe
775 807 835 837 ex
861 802 908 837 te
935 791 1123 850 audivi,
1151 804 1307 854 pater:

26 863 116 912 Rei
135 863 384 910 mandatae
407 862 561 910 omnis
587 864 803 924 sapientis
833 865 1049 925 primum
1074 867 1310 926 praevorti

281 937 431 984 decet.

433 1032 468 1063 D
506 1031 537 1062 Ε
574 1029 617 1061 Μ
651 1030 672 1062 1
707 1030 735 1062 P
772 1029 805 1061 H
841 1030 889 1062 o.
934 1048 937 1050 -

25 1088 127 1155 Age
157 1090 325 1154 igitur,
366 1091 482 1135 nolo
520 1088 751 1134 advorsari
791 1101 924 1134 tuam
957 1088 1178 1135 advorsus
1207 1106 1312 1136 sen-

279 1171 493 1205 teutlam.

421 1252 447 1284 c
486 1251 520 1284 Η
555 1251 589 1285 A
625 1252 659 1285 R
693 1252 715 1284 1
751 1252 785 1284 N
822 1251 858 1283 U
894 1251 932 1284 s.

27 1308 189 1358 Salvos
219 1327 324 1357 sum
340 1345 354 1367 ,
382 1310 418 1355 si
456 1310 656 1371 quidem
688 1310 763 1356 isti
790 1311 919 1357 dicto
947 1311 1095 1358 solida
1125 1325 1172 1360 et
1200 1331 1305 1376 per-

278 1395 425 1446 petua
441 1384 498 1429 'st
529 1383 658 1430 fides.

425 1478 460 1510 D
495 1478 525 1509 E
562 1478 604 1510 Μ
640 1477 661 1510 1
697 1478 725 1510 P
762 1478 796 1511 H
834 1480 883 1512 o.

25 1536 163 1607 Quid
190 1537 304 1584 illuc
329 1549 397 1584 est
414 1573 430 1596 ,
461 1538 599 1599 quod
623 1539 703 1584 ille
732 1541 857 1585 solus
890 1557 936 1586 se
962 1541 1013 1585 in
1048 1541 1297 1589 consilium

48 1616 51 1618 ’
276 1622 462 1657 sevocat
480 1613 503 1656 P

22 1682 131 1742 Jam
159 1701 261 1731 non
301 1701 494 1742 vereor,
534 1701 597 1731 ne
623 1685 752 1731 illam
794 1701 873 1730 me
914 1702 1067 1732 amare
1109 1687 1185 1733 hic
1217 1705 1306 1749 po-

0 1815 5 1820 ·
278 1760 421 1805 tuerit
443 1760 693 1805 resciscere.

36 1829 242 1899 Quippe,
254 1833 384 1878 haud
402 1834 542 1878 etiam
558 1834 825 1894 quidquam
838 1833 1000 1896 inepte
1016 1833 1105 1879 feci
1114 1870 1128 1892 ,
1149 1851 1306 1881 aman-

281 1916 349 1950 tes
386 1918 441 1952 ut
471 1907 637 1952 solent.

415 2007 443 2038 c
479 2006 513 2038 Η
550 2006 585 2038 A
620 2006 654 2039 R
688 2005 709 2037 1
744 2006 777 2038 N
814 2005 849 2038 U
886 2006 925 2039 s.

27 2059 120 2108 Res
148 2062 302 2110 adhuc
324 2066 524 2126 quidem
552 2067 707 2111 hercle
734 2067 784 2111 in
802 2078 910 2113 tuto
924 2068 1003 2112 'st:
1034 2083 1148 2113 nam
1174 2067 1303 2111 hunc

285 2139 458 2184 nescire
486 2149 553 2184 sat
582 2139 676 2184 scio

30 2203 108 2250 De
143 2204 222 2250 illa
255 2208 413 2254 amica.
448 2210 584 2269 quod
611 2210 646 2254 si
683 2209 847 2267 sciret,
880 2221 995 2256 esset
1025 2210 1112 2256 alia
1138 2209 1299 2256 oratio.

432 2307 469 2338 D
504 2309 534 2339 E
569 2308 612 2340 M
647 2309 668 2341 1
702 2309 730 2341 P
767 2309 801 2340 Η
836 2310 884 2342 o.

34 2363 171 2433 Quin
196 2379 283 2427 ego
309 2364 439 2410 hunc
466 2367 708 2430 aggredior
729 2368 788 2413 de
811 2368 922 2414 illa?
