1618 2866
147 196 280 255 ma
451 185 755 243 ACTUS'
811 196 849 242 1.
905 193 1010 243 sc,
1066 197 1106 243 1.
1352 186 1424 248 ἰι

501 315 1080 350 PALINURUS·

149 385 302 454 Quasi
331 395 386 431 tu
410 386 627 449 lagenam
654 384 776 430 dicas
793 418 807 442 ,
838 383 924 429 ubi
948 384 1118 430 vinum
1147 386 1266 431 solet

149 458 328 504 Chium
359 474 464 503 esse.

452 549 1124 585 PHAEDRoxMUs.

316 618 451 688 Quid
480 635 578 679 opu
602 619 656 663 ’st
682 618 865 683 Verbis?
887 619 1190 667 vinosissuma
1206 622 1287 679 ’st‚

150 690 343 752 anue,
371 692 614 752 extemplo
639 691 725 737 ubi
746 691 861 738 vino
887 693 967 738 has
993 696 1227 755 conspersi
1247 696 1356 742 foris
1370 730 1387 755 ‚

149 763 227 810 De
253 763 400 810 odore
438 763 592 810 adesse
619 780 698 810 me
725 764 835 822 scit,
858 767 1007 828 aperit
1031 768 1173 814 inico.

508 859 538 891 P
573 858 608 891 A
642 859 673 891 Ι,
708 860 730 892 1
763 861 797 892 N
835 859 869 891 U
904 861 937 893 R
973 861 1008 893 U
1045 861 1081 894 s.

127 927 267 980 *Eine
288 930 366 976 hic
395 946 506 976 cum
528 931 642 976 vino
671 931 797 977 sinus
825 930 1010 977 fertur?

460 1023 489 1056 P
525 1023 559 1055 Η
593 1023 628 1056 A
661 1023 692 1055 E
727 1024 762 1055 D
796 1022 831 1055 R
866 1023 898 1055 o
935 1023 978 1055 M
1013 1023 1048 1054 U
1085 1023 1124 1056 s.

1021 1090 1292 1136 Nisinevis.

492 1178 522 1210 P
557 1178 591 1210 A
626 1179 656 1211 L
693 1179 713 1211 1
748 1179 782 1211 N
818 1179 855 1211 U
889 1182 922 1214 R
958 1180 994 1224 U
1030 1180 1067 1213 s.

151 1241 280 1288 Nolo
300 1243 469 1288 hercle.
490 1258 601 1289 nam
619 1244 772 1290 istunc
793 1245 878 1306 qui
897 1245 1003 1302 fert,
1021 1245 1246 1292 afflictum
1260 1245 1419 1293 velim:

150 1314 252 1378 Ego
277 1314 415 1360 nobis
437 1313 585 1359 afferri
611 1315 783 1361 censui.

449 1407 478 1441 P
514 1407 549 1440 Η
584 1407 619 1440 A
652 1409 683 1442 Ε
719 1409 754 1441 D
790 1409 823 1442 R
861 1408 892 1441 o
931 1408 975 1440 M
1010 1408 1046 1440 U
1082 1408 1119 1441 s.

579 1484 582 1488 ’
815 1479 952 1548 Quin
982 1490 1038 1524 tu
1069 1478 1227 1524 taces?

151 1555 201 1604 Si
230 1557 352 1618 quid
382 1575 520 1620 super
546 1558 614 1604 illi
644 1558 814 1617 fuerit,
838 1559 889 1604 id
918 1559 1054 1605 nobis
1085 1568 1153 1604 sa‘t
1178 1569 1258 1604 est.

494 1652 524 1684 P
559 1651 594 1684 A
628 1652 659 1684 1.
690 1652 711 1683 1
745 1652 780 1684 N
814 1652 850 1685 U
884 1653 919 1686 R
954 1652 990 1684 U
1026 1652 1063 1685 s.

150 1717 382 1787 Quisnam
420 1718 521 1764 istic
560 1718 713 1766 fluviu
742 1719 826 1778 ’st,
864 1736 1014 1781 quem
1049 1735 1151 1766 non
1190 1718 1381 1780 recipiat

395 1808 522 1842 maxe
539 1792 562 1837 ‘t'

447 1893 476 1926 P
512 1893 548 1925 n
583 1892 619 1925 A
651 1871 682 1924 Ε
718 1893 753 1924 D
788 1893 822 1925 Β
858 1892 890 1925 o
927 1893 971 1926 Μ
1006 1891 1043 1925 U
1079 1892 1116 1925 s,

149 1952 355 2017 Sequere
377 1958 488 2015 hac,
513 1958 753 2017 Palinure,
771 1976 851 2005 me
876 1960 937 2006 ad
963 1959 1096 2006 foris:
1128 1959 1162 2005 fi
1183 1959 1251 2006 mi
1265 1958 1411 2005 -obse-

400 2046 563 2092 quens.

500 2131 1074 2170 PALINURUS.

151 2184 419 2236 Itafaciam.

445 2283 475 2316 P
510 2283 546 2315 H
579 2283 615 2319 A
649 2284 680 2316 E
715 2285 751 2317 D
786 2286 821 2318 R
857 2284 890 2317 Ο
926 2284 971 2317 Μ
1004 2285 1040 2318 U
1076 2285 1115 2319 S·

429 2347 594 2412 Agite,
618 2351 769 2397 bibite
789 2386 804 2408 ‚
833 2350 1021 2397 festivae
1043 2351 1193 2404 fores;

153 2417 319 2464 Potate
335 2453 349 2476 ,
376 2420 455 2466 fite
479 2423 599 2468 mihi
622 2426 836 2471 volentes
862 2425 1107 2487 propitiae.
