1618 2866
96 189 187 234 xrs-3
367 164 656 215 ACTUS
707 164 766 213 V.
817 161 923 212 SC.
969 163 1089 211 111.
1307 169 1368 228 65

98 282 213 330 Non
236 280 359 328 male
387 278 619 335 creditur,
640 277 727 338 qui
748 292 1016 338 numquam
1037 274 1270 335 reddunt,
1290 277 1372 324 sed

349 369 569 415 prorsum
598 351 733 412 perit.

98 427 248 476 Velut
273 428 439 474 decem
464 427 614 472 minas
639 419 857 471 dum'hic
879 424 1044 482 solvit,
1064 426 1218 472 omnis
1238 442 1376 473 men-

351 517 417 546 sas
446 498 638 545 transiit.

103 574 364 635 Postquam
385 572 506 618 nihil
526 572 580 618 fit
595 604 608 627 ‚
628 570 830 615 clamore
849 570 1098 618 hominem
1118 589 1277 635 posco.
1296 571 1375 619 ille

348 647 399 692 in
421 646 498 709 jus
526 659 605 688 me
630 653 782 688 vocat.

104 717 321 766 Pessume
344 716 522 772 metui,
552 731 616 761 ne
643 714 762 760 mihi
785 713 929 761 hodie
953 714 1084 776 apud
1109 715 1377 763 Praetorem

357 789 571 834 solveret.

103 860 284 909 Verum
309 859 447 907 amici
472 858 819 920 conpulerunt‚
838 857 996 905 reddit
1017 869 1266 924 argentum
1288 858 1378 905 do-

352 950 451 979 mo.

40 1004 43 1006 ’
102 1004 245 1052 Nunc
260 1005 467 1052 domum
484 1021 732 1067 properare
755 1015 938 1050 certum
956 1005 1023 1050 ’st.

302 1108 1198 1143 THERAPONTIGONUS.

704 1181 849 1227 -Heus
876 1193 932 1227 tu
948 1216 962 1238 ‚
988 1181 1146 1242 Leno,
1172 1194 1223 1230 te
1249 1185 1375 1231 volo.

412 1275 1087 1313 PHAEDROMUS.

105 1342 169 1389 Et
195 1358 284 1406 ego
313 1352 362 1388 te
389 1343 519 1389 volo.

478 1442 1008 1477 CAPPADOX.

422 1519 487 1566 At
512 1537 599 1584 ego
625 1538 708 1567 vos
735 1523 851 1568 nolo
878 1524 1056 1570 ambos·

361 1621 1131 1658 THERAPONTIGONUS.

975 1700 1054 1748 Sta
1067 1735 1081 1758 ,
1111 1703 1166 1747 sis
1182 1686 1201 1760 ,¹
1228 1703 1353 1750 illico
1369 1739 1385 1762 ,

110 1768 271 1832 Atque
294 1783 541 1837 argentum
563 1790 764 1835 propere
786 1791 987 1837 propera
1007 1791 1214 1822 vomere.

481 1872 508 1904 C
544 1872 580 1905 A
612 1873 641 1905 P
678 1874 707 1906 P
744 1874 779 1905 A
816 1874 851 1905 D
892 1874 923 1906 Ο
960 1873 1011 1907 Χ.

748 1993 753 1998 ,
820 1945 959 2014 Quid
980 1963 1175 1994 mecum
1191 1947 1246 1992 ’st
1262 1944 1351 1993 tibi
1365 1945 1387 1992 ?

115 2005 213 2055 Aut
237 2020 398 2057 tecum
412 2011 436 2056 ?
463 2013 582 2058 aut?

324 2103 1181 2146 THERAPONTIGONUS.

426 2184 553 2252 Quia
583 2202 670 2250 ego
703 2203 763 2232 ex
790 2200 836 2233 te
864 2188 1008 2234 hodie
1037 2188 1203 2234 faciam
1233 2188 1387 2248 pilum

917 2262 1276 2323 catapultarium
1295 2280 1303 2304 :

121 2318 281 2382 Atque
298 2323 361 2370 ita
380 2336 427 2372 te
443 2344 589 2376 nervo
614 2333 855 2395 torquebo
868 2368 883 2393 ,
902 2334 1070 2382 itidem
1092 2336 1163 2382 uti
1183 2334 1390 2395 catapul-

375 2407 446 2444 tae
470 2402 633 2449 solent.

192 2466 278 2512 Vol.
302 2469 365 2514 Il.
1158 2477 1200 2523 E
