1618 2866
83 183 216 233 mo
428 165 700 216 AcTus
745 164 946 214 νεα
995 164 1034 215 1.
1257 179 1354 228 553

371 282 1084 319 THEUROPIDES.

747 341 913 401 Servos
934 342 1153 405 pollicitu
1165 342 1220 389 ’st
1241 341 1352 391 dare

77 417 196 467 Suos
217 413 337 465 mihi
364 431 530 464 omnen
558 416 835 478 quaestioni.
878 408 887 423 ”
1197 424 1221 445 s‘

530 511 563 544 ‘r
598 511 633 544 R
665 509 701 542 A
735 510 769 543 N
806 509 828 542 1
862 509 911 542 o.

281 627 285 630 ι
516 570 686 634 Nugas.
711 584 980 629 numquam
1007 568 1181 631 edepol
1206 567 1350 615 dabit.

296 641 318 666 ²
370 662 1082 698 TREURoP1DEs.

78 726 175 774 Dat
203 723 430 788 profecto.

1000 467 1022 477 y
1031 447 1194 495 &dxl

528 800 827 834 TRANI
866 800 916 834 o.

338 859 475 929 Quin
506 870 553 905 et
576 860 711 904 illum
737 859 786 905 in
802 861 881 923 jus
896 858 1017 923 jube
1042 859 1122 905 ire.

364 955 1076 990 THEUROPIDES.

1065 1015 1174 1075 Jam
1197 1029 1351 1063 mane.

76 1083 325 1146 Experiar,
354 1092 410 1128 ut
428 1081 622 1143 opinor:
656 1091 837 1126 certum
867 1092 946 1126 est.

529 1174 561 1206 ‘r
596 1175 629 1208 R
663 1155 713 1207 A‘
733 1175 765 1208 N
806 1167 827 1206 1
867 1174 918 1206 o.

797 1232 919 1278 Mihi
943 1232 1191 1278 hominem
1218 1229 1350 1278 cedo.

372 1323 1077 1360 THEUROPIDES.

81 1395 219 1466 Quid
246 1394 283 1441 si
309 1394 451 1459 igitur
478 1411 565 1459 ego
581 1390 806 1444 ‘arcessam
827 1392 1077 1439 homines?

528 1488 561 1521 Τ
591 1489 628 1523 R
666 1488 700 1520 A
741 1487 775 1520 N
810 1487 831 1519 1
871 1488 919 1520 ο.
1233 1529 1238 1533 ¹

653 1548 850 1594 Factum
866 1548 969 1610 jam
996 1563 1089 1593 esse
1115 1548 1349 1608 oportuit=

79 1621 171 1670 Vel
198 1621 444 1667 hominem
464 1620 585 1683 jube
615 1619 739 1665 aedis
766 1620 1004 1680 mancipio
1031 1636 1237 1681 poscere.

370 1714 1083 1751 THEUROPIDES.

662 1783 819 1829 Immo
847 1784 940 1830 hoc
970 1784 1181 1846 primum
1206 1788 1352 1844 volo,

76 1858 356 1928 Quaestioni
382 1858 594 1919 accipere
619 1872 784 1903 servos.

526 1950 558 1982 Τ
591 1950 627 1983 R
660 1949 696 1982 A
730 1949 766 1983 N
800 1949 821 1982 1
859 1950 909 1982 o.

519 2018 820 2065 Faciundum
848 2018 1021 2079 edepol
1049 2033 1228 2063 censeo.
1264 2032 1354 2080 ego

84 2090 280 2138 Interim
305 2093 426 2138 hanc
451 2109 575 2138 atam
602 2091 864 2152 occupabo.

368 2179 1078 2218 THEUROPIDES.

750 2240 887 2310 Quid
910 2240 1010 2286 ita?

533 2337 564 2371 Τ
599 2338 634 2372 R
668 2336 701 2370 A
736 2336 769 2369 N
803 2336 826 2368 1
860 2336 909 2369 o.

880 2397 1074 2443 Nullam
1102 2412 1204 2443 rem
1226 2395 1353 2463 Rapis.
