1618 2866
79 191 210 228 παρ
346 169 638 220 Acrus
689 169 1072 218 1v.50.11.
1269 172 1359 234 189

87 284 296 330 Licitum
328 292 418 327 est:
452 280 514 325 ita
542 294 620 325 me
655 277 847 323 attinuit
865 311 881 334 ,
906 276 970 322 ita
1000 293 1079 322 me
1106 275 1327 323 detinuit.

91 355 240 418 Apud
270 355 439 400 aediles
472 351 659 414 proeliis
690 350 818 396 factis
846 349 1060 411 plurimis

88 428 418 486 Pessumisque
446 424 546 470 dixi
559 439 797 476 *caussam.
830 420 1126 467 conditiones

88 501 255 549 Tetuli
288 511 428 545 tortas
448 532 463 555 ,
501 496 815 560 confragosas:
852 505 933 540 aut
957 495 1064 555 plus

86 572 186 619 Aut
219 572 404 628 minus,
432 586 579 632 quam
603 585 723 630 opus
755 578 851 613 erat
883 568 1070 624 multo,
1104 566 1316 615 dixeram

88 643 462 690 Controversiam
479 676 493 699 ‚
524 641 594 687 uti
620 638 810 701 sponsio
840 638 984 684 fieret.

89 714 228 784 Quid
256 715 335 760 ille
352 715 374 759 Ρ
405 713 562 775 quid?
591 710 816 773 praedem
842 709 987 755 dedit.
1027 726 1116 757 nec
1150 714 1295 777 magis

83 784 387 832 Manifestum
425 801 512 848 ego
547 782 800 829 hominem
829 797 1064 842 umquam
1102 783 1259 829 ullum
1292 794 1360 831 te*

335 858 436 904 neri
466 857 579 902 vidi.

83 931 324 978 Omnibus
347 930 598 976 malefactis
623 939 758 974 testes
785 938 876 973 tres
896 926 1088 974 aderant
1112 932 1357 977 acerrumi.

83 1003 167 1067 Dii
191 1005 328 1050 illum
351 1020 513 1049 omnes
539 1002 767 1064 perdant,
796 1001 1036 1062 (itamihj
1061 1003 1191 1048 hunc
1213 1004 1360 1052 hodie

335 1074 556 1134 conrupit
591 1070 754 1136 diem)

83 1148 264 1208 Meque
292 1146 410 1192 adeo
427 1180 440 1202 ‚
477 1145 563 1206 qui
592 1145 738 1191 hodie
766 1144 926 1191 forum
950 1163 1185 1208 umquam
1212 1149 1360 1195 oculis

340 1234 522 1280 mspexr
547 1218 662 1263 'meis
677 1252 692 1275 ‚

85 1291 230 1338 Diem
265 1291 467 1352 conrupi
487 1324 501 1347 ,
541 1300 799 1350 optumum
825 1290 940 1353 jussi
976 1293 1183 1352 apparari
1218 1309 1360 1355 pran-

340 1363 488 1409 dium.

86 1435 251 1482 Amica
279 1445 514 1496 exspectat
546 1450 626 1480 me
641 1468 656 1491 ,
686 1433 795 1480 scio.
831 1433 917 1480 ubi
947 1435 1160 1496 primum
1175 1437 1231 1484 'st
1256 1439 1359 1485 lici-

334 1517 467 1562 tum,
504 1505 630 1551 iflico

84 1579 335 1640 Properavi
366 1578 492 1624 abire
526 1577 586 1623 de
614 1576 733 1623 foro.
768 1578 881 1623 irata
902 1578 986 1636 ’st‚
1020 1579 1161 1627 credo
1177 1577 1197 1638 ,’
1226 1597 1358 1630 nunc

339 1651 474 1697 mihi.

82 1724 290 1771 Placabit
313 1725 435 1786 palla
452 1758 467 1780 ,
503 1740 651 1784 quam
683 1723 796 1770 dedi
811 1759 825 1782 ‚
860 1742 1008 1787 quam
1042 1726 1188 1777 hodie
1216 1732 1355 1779 uxori

335 1797 506 1843 abstuli
521 1831 538 1855 ,
565 1808 711 1858 atque
734 1797 847 1844 huic

83 1867 249 1916 Detuli
272 1868 450 1916 Erotio.

437 1957 1006 1998 PENICULUS.

373 2020 636 2089 Quidajs?

523 2115 910 2149 MULIER.

655 2175 770 2223 Viro
794 2194 874 2222 me
899 2179 1026 2225 malo
1052 2179 1175 2224 male

89 2238 315 2299 Nuptam.

290 2356 295 2359 ,
437 2322 466 2354 P
500 2323 531 2356 Ε
565 2325 598 2356 N
632 2324 653 2356 1
689 2325 715 2357 c
751 2324 787 2357 U
821 2325 852 2357 1.
888 2324 925 2356 U
961 2323 998 2357 s.

231 2384 373 2432 Satin’
394 2386 550 2445 audis,
582 2405 704 2448 quae
732 2390 826 2436 iuic
851 2389 1066 2450 loquitur
1080 2389 1103 2436 Ξ)
