1618 2866
133 225 179 260 v.
212 223 301 258 102
431 205 723 255 ACTUS
777 207 869 254 ΙῙ.“
905 205 1012 255 SC.
1055 200 1187 255 ΙΙΙ.Α
1320 217 1417 273 272

541 330 578 362 D
614 330 644 362 Ε
686 330 728 364 Μ
766 331 787 364 1
823 331 852 364 P
887 330 923 363 Η
961 331 1011 364 ο.

133 384 476 449 Nequidquam
505 390 683 451 poscit:
721 406 810 455 ego
838 390 1043 437 habebo.

522 485 551 518 c
586 484 620 517 Η
654 484 690 517 A
723 486 758 518 R
793 485 814 517 1
847 485 883 518 N
918 485 953 518 U
989 484 1028 518 s.

730 543 797 594 At
822 544 917 590 illic
940 542 1161 605 pollicitu
1182 543 1238 589 ’st
1270 543 1411 606 prior.

537 628 575 662 D
609 629 640 661 E
676 629 719 662 Μ
754 628 776 662 Ι
809 629 839 662 Ρ
875 629 911 661 Η
949 629 999 662 ο.

135 677 283 724 Nihili
309 678 444 727 facio.

522 758 550 790 C
587 757 622 790 H
657 757 692 791 A
729 758 763 792 R
796 758 819 791 1
854 758 889 791 N
925 757 962 792 U
998 758 1038 792 S·

346 817 730 887 'Quinquaginta
756 820 921 881 poscit.

548 906 584 938 D
619 905 650 938 Ε
686 905 729 937 Μ
764 905 784 938 1
823 907 852 939 P
887 905 921 938 Η
956 905 1006 938 ο.

897 966 1012 1012 Non
1037 977 1233 1012 centum
1261 966 1415 1012 datur,

132 1032 303 1098 Potine
335 1049 391 1085 ut
419 1054 482 1084 ne
517 1039 692 1085 licitere
714 1038 969 1085 advorsum
1001 1039 1149 1085 animi
1174 1039 1271 1084 mei
1301 1055 1410 1098 sen-⁴

387 1111 615 1157 tentiam.
604 1112 627 1145 ἶ)

135 1182 413 1229 Maxumam
442 1185 598 1229 hercle
628 1184 822 1231 habebis
845 1183 1091 1247 praedam:
1119 1185 1185 1230 ita
1215 1185 1296 1231 ille
1316 1194 1413 1243 est,

402 1257 523 1318 quoi
553 1258 759 1315 emitur,
790 1274 944 1304 senex.

136 1325 285 1375 Sanus
301 1344 402 1374 non
422 1340 490 1376 est
505 1346 565 1376 ex
586 1347 745 1377 amore
764 1331 902 1378 illius.
921 1330 1060 1392 quod
1076 1346 1263 1392 posces,
1280 1328 1411 1376 feres.
1472 1360 1473 1363 =

518 1424 546 1456 c
582 1423 617 1456 Η
652 1424 687 1457 Α
722 1426 756 1458 Β
789 1425 811 1457 1
847 1425 882 1458 Ν
918 1423 953 1456 U
990 1423 1029 1457 s.

142 1481 284 1528 Certo
316 1481 490 1544 edepol
527 1482 797 1530 adulescens
830 1483 910 1530 ille
930 1517 945 1541 ,
986 1483 1108 1544 quoi
1153 1498 1242 1547 ego
1273 1498 1413 1541 emo,

393 1557 599 1606 efflictim
627 1560 750 1620 petit

137 1630 248 1694 Ejus
273 1646 445 1676 amore.

553 1705 589 1737 D
625 1705 655 1737 E
693 1706 735 1738 M
772 1705 794 1737 1
828 1705 856 1737 P
891 1705 925 1738 H
963 1705 1013 1738 Ο.

298 1767 457 1813 Multo
484 1766 638 1812 hercle
660 1766 739 1811 ille
764 1767 908 1830 magis
934 1782 1077 1812 senex
1093 1801 1108 1824 ,
1140 1766 1177 1812 si
1204 1777 1261 1812 tu
1289 1766 1411 1813 scias.

527 1862 554 1893 c
593 1861 627 1894 Η
662 1862 695 1894 A
730 1863 764 1896 R
797 1862 819 1894 1
852 1862 886 1895 N
923 1861 958 1894 U
995 1861 1034 1895 s.

144 1919 423 1983 Numquam
453 1920 628 1983 edepol
651 1921 743 1968 fuit
768 1938 929 1983 neque
958 1922 1041 1969 fiet
1062 1923 1142 1968 ille
1173 1938 1319 1969 senex
1339 1923 1415 1968 in-

389 1996 541 2050 sanior
651 1989 658 1995 “

146 2061 222 2109 Ex
253 2080 439 2123 amore,
469 2083 617 2127 quam
644 2066 723 2111 ille
753 2065 1052 2124 adulescens,
1087 2067 1206 2127 quoi
1233 2082 1320 2130 ego
1349 2065 1415 2112 do

396 2137 517 2184 hanc
548 2154 767 2199 operam,
791 2149 936 2199 pater.

538 2233 575 2266 D
611 2234 642 2266 Ε
678 2233 720 2266 Μ
756 2234 776 2266 1
810 2234 838 2267 P
874 2233 908 2266 Η
946 2235 994 2267 o.

145 2287 348 2356 Quiesce
360 2322 374 2346 ,
393 2289 601 2351 inquam.
617 2292 760 2340 istanc
779 2310 879 2340 rem
897 2284 1129 2358 egorecte
1151 2293 1330 2341 videro.

520 2378 549 2410 c
583 2378 619 2411 Η
651 2379 687 2412 A
720 2382 755 2415 R
789 2381 810 2414 1
844 2382 878 2415 N
914 2382 950 2414 U
986 2381 1025 2414 s,

896 2436 1034 2509 Quid*
1058 2440 1149 2503 agis
1164 2440 1186 2483 Ξ)

1158 2510 1190 2556 S
1226 2526 1253 2571 3
