1618 2866
203 215 292 258 172
458 199 1194 250 MENAECHMEI.
1359 220 1481 254 v.12

197 309 292 355 Hic
318 319 364 354 te
388 319 503 354 stare
531 309 665 366 foris,
698 308 818 355 fores
846 311 964 371 quoi
984 322 1173 372 pateant

198 385 373 449 Magis,
417 402 565 445 quam
602 385 775 431 domus
814 396 896 431 tua
917 420 929 443 ‚
977 386 1150 432 domus
1180 402 1334 448 quom
1370 389 1484 436 haec

453 470 536 504 tua
560 470 629 505 s1t.

196 533 360 578 Omne
387 545 605 594 paratum
633 545 728 590 est,

196 604 261 650 Ut
277 606 476 669 jussisti,
498 618 644 667 atque
678 618 732 651 ut
755 607 971 653 voluisti:
1005 623 1167 667 neque
1198 607 1285 653 tibi
1309 617 1376 653 est

198 677 305 724 Ulla
338 695 471 724 mora
502 680 642 726 intus.
676 680 932 741 prandium
953 715 966 737 ‚
1000 691 1055 726 ut
1078 679 1278 744 jussisti,
1308 681 1384 726 hic

198 751 430 799 Curatum
459 765 547 800 est:
582 755 667 801 ubi
699 755 836 800 lubet
854 789 867 812 ‚
897 755 962 800 ire
989 756 1099 802 licet
1127 756 1418 803 accubitum.

226 885 239 900 ο
489 848 533 880 Μ
568 848 596 879 Ε
636 849 668 880 Ν
706 848 739 880 A
779 848 808 880 Ε
849 848 874 879 c
913 847 947 879 Η
984 848 1023 879 Μ
1062 848 1097 880 U
1135 849 1173 882 s.

197 904 414 974 Quicum
441 907 555 953 haec
581 908 755 954 mulier
782 907 1031 968 loquitur?

604 993 633 1024 E
669 993 703 1027 R
740 993 771 1025 o
811 991 841 1024 T
876 993 895 1024 1
934 992 967 1023 U
1005 993 1063 1025 M.

747 1051 989 1112 Equidem
1013 1064 1188 1098 tecum.

488 1117 1174 1170 M'ENAEcnmth.

1011 1196 1147 1266 Quid
1176 1211 1368 1243 mecum
1391 1196 1481 1243 tibi

196 1269 308 1328 Fuit
331 1285 594 1330 umquam,
627 1282 710 1317 aut
738 1286 868 1317 nunc
894 1281 961 1316 est
989 1269 1188 1334 negoti?

602 1363 632 1396 Ε
669 1364 701 1396 R
740 1364 771 1395 o
814 1365 844 1396 Τ
880 1365 900 1397 1
939 1363 974 1395 U
1011 1364 1066 1395 M.

649 1423 776 1492 Quia
804 1426 890 1484 pol
913 1435 960 1468 te
987 1440 1143 1469 unum
1170 1440 1230 1470 ex
1253 1424 1478 1470 omnibus

191 1490 357 1544 Venus
398 1493 554 1539 voluit
595 1510 676 1540 me
716 1496 1044 1559 magnificare:
1079 1507 1224 1557 atque
1261 1497 1312 1542 id
1346 1496 1478 1542 haud

445 1578 666 1613 mmento
687 1578 789 1614 tuo.

192 1637 318 1684 Nam
347 1649 523 1685 ecastor
550 1642 673 1687 solus
701 1639 957 1687 benefactis
993 1641 1085 1691 tuis
1111 1658 1191 1687 me
1219 1640 1472 1687 florentem

444 1713 565 1759 facis.

483 1798 527 1830 M
562 1798 592 1830 Ε
629 1798 662 1830 Ν
698 1798 731 1830 A
768 1799 798 1830 Ε
835 1798 861 1830 c
899 1798 933 1831 H
967 1799 1010 1832 Μ
1047 1799 1081 1830 U
1118 1799 1155 1831 s.

193 1856 334 1904 Certo
372 1859 488 1904 haec
522 1858 695 1903 mulier
731 1869 813 1904 aut
852 1858 1040 1917 insana,
1080 1869 1163 1905 aut
1198 1859 1325 1905 ebria
1367 1871 1433 1906 est
1453 1894 1468 1918 ,

450 1931 709 1988 Messenio,

193 2005 331 2074 Quae
350 2004 600 2050 hominem
620 2004 842 2068 ignotum
866 2004 1105 2065 conpellet
1122 2020 1199 2050 me
1223 2016 1318 2053 tam
1339 2006 1471 2053 fami*
1514 2060 1517 2062 ,

442 2076 623 2122 liariter.

561 2152 614 2196 'M
648 2163 678 2195 E
721 2162 743 2196 s
779 2162 801 2196 s
837 2162 867 2195 E
905 2164 939 2195 N
974 2163 995 2195 1
1033 2163 1081 2195 0.

191 2222 351 2270 Dixin’
382 2238 471 2287 ego
499 2223 637 2268 istaec
666 2222 743 2269 hic
765 2223 911 2289 solere
934 2222 1072 2268 fieri?
1102 2222 1213 2270 folia
1235 2240 1366 2272 nunc
1397 2241 1468 2272 ca-

450 2294 574 2340 dunt
593 2329 608 2352 ‚
1378 2309 1383 2312 '

188 2368 301 2416 Prae
319 2379 375 2416 ut
393 2369 430 2416 si
457 2367 674 2414 triduum
700 2368 792 2414 hoc
816 2368 892 2415 hic
918 2369 1115 2429 erimus,
1143 2381 1251 2416 tum
1281 2369 1465 2416 arbores

442 2442 494 2489 in
522 2453 569 2490 te
602 2440 783 2488 cadent.
