1618 2866
36 188 184 236 τας
359 169 651 224 ACTUS
696 170 755 216 V.
809 169 915 217 SC.
966 170 1111 217 VII.
1249 186 1341 231 225

52 284 185 332 Hem
209 281 297 329 tibi
319 281 489 338 etiam,
510 279 625 341 quia
647 288 914 342 postremus
930 277 1080 336 cedis,
1101 278 1196 326 hoc
1209 293 1346 340 prae-

196 372 198 374 ’
318 353 388 400 rui
420 352 549 398 feres.

56 420 231 479 Nimis‘
247 412 411 476 autem
445 428 571 474 bene
606 442 687 473 ora
722 425 1028 490 conmenssavi
1044 461 1059 485 ,
1097 436 1246 488 atque
1284 441 1346 474 ex

319 518 426 549 mea
454 500 697 549 sententia.

64 576 289 638 Edepol,
323 575 436 620 here
454 607 470 631 ,
505 588 592 618 nae
633 571 722 619 tibi
747 572 983 635 suppetias
1011 583 1230 635 tempore
1265 570 1350 619 ad-

292 643 299 650 *
321 646 434 695 veni
460 645 639 706 modo!

369 731 413 764 Μ
447 729 477 762 1:
514 729 548 763 N
583 730 619 764 A
651 730 682 763 Ε
719 731 747 763 c
784 729 818 762 Η
854 729 896 762 Μ
932 729 968 762 u
1005 729 1043 764 s.

64 793 130 842 At
152 793 242 841 tibi
252 791 337 839 Dii
360 806 547 853 semper
562 825 577 849 ,
605 790 878 838 adulescens
895 825 910 849 ,
942 791 1156 853 quisquis
1186 808 1232 838 es
1248 827 1263 851 ‚
1285 791 1352 839 fa·-

316 865 442 913 ciant
473 865 611 911 bene.

66 941 190 988 Nam
218 939 399 1000 absque
429 938 514 984 ted
546 949 691 995 esset,
722 938 868 985 hodie
894 956 1166 1001 numquam
1188 939 1250 986 ad
1278 956 1355 986 so·-

319 1012 417 1056 lem
440 1026 660 1056 occasum
687 1011 913 1058 viverem.

452 1097 494 1129 M
534 1095 565 1128 Ε
601 1096 624 1129 s
662 1096 684 1130 s
722 1096 753 1128 Ε
781 1097 820 1129 N
855 1097 876 1129 1
914 1097 965 1130 ο.

75 1161 199 1225 Ergo
233 1158 435 1220 edepol,
469 1158 506 1203 si
537 1170 664 1205 recte
699 1158 835 1206 facias
854 1193 869 1217 ,
905 1160 1018 1207 here
1035 1195 1052 1219 ,
1084 1177 1165 1208 me
1196 1162 1357 1210 mittas

332 1247 495 1277 manu.

372 1317 416 1350 M
451 1317 481 1348 E
518 1317 551 1350 N
587 1316 623 1348 A
656 1315 688 1349 E
723 1316 752 1350 c
788 1316 824 1350 Η
859 1316 903 1365 Μ
938 1316 974 1350 U
1010 1315 1050 1352 s.

75 1378 298 1426 Liberem
331 1393 419 1442 ego
444 1377 524 1424 te?

458 1463 503 1497 M
536 1463 567 1496 E
604 1463 627 1498 S
663 1464 687 1498 S
726 1465 756 1498 E
790 1467 826 1499 N
860 1467 882 1499 1
919 1467 968 1500 0.

156 1524 362 1584 Verum,
381 1525 809 1587 quandoquidem,
836 1527 971 1585 here,
995 1538 1045 1574 te
1069 1534 1258 1580 servavi.

372 1624 1053 1661 MENAECHMUS.

1101 1683 1239 1752 Quid
1264 1685 1364 1733 est?

82 1744 369 1798 Adulescens
383 1781 398 1806 ,
434 1763 567 1795 erras.

468 1818 980 1872 MEssiznro.

404 1890 734 1961 Quid‚erro?
930 1884 933 1886 ’

376 1985 1062 2030 ΜΕΝΑΕοΗΜσε.·

633 2049 725 2095 Per
745 2050 922 2108 Jovem
950 2053 1117 2118 adjuro
1150 2070 1365 2121 patrem,

93 2113 175 2159 Me
204 2115 374 2164 herum
402 2129 546 2167 tuum
577 2137 680 2167 non
712 2139 819 2168 esse.

473 2214 978 2252 MESSENIO.

772 2278 1070 2327 Nontaces?

397 2353 1068 2399 MENAECHMUs.

1004 2424 1122 2470 Non
1155 2428 1373 2476 mentior.

173 2483 264 2531 Vol.
297 2484 362 2531 ΙΙ.
1085 2497 1122 2542 Ρ
