1618 2866
268 188 359 231 272
596 169 1202 218 MERCATOR.
1398 176 1550 231 *v.51

662 290 689 321 c
728 289 764 322 Η
790 289 835 322 -Α
868 289 903 322 R
937 289 959 321 1
995 289 1029 322 N
1065 274 1103 322 Η
1137 289 1175 324 s.

789 347 927 415 Quin
953 364 1041 411 ego
1070 348 1183 395 hinc
1206 365 1286 396 me
1313 351 1549 414 amolior?

268 429 340 474 Eo
378 442 496 490 ego,
529 434 612 481 ut,
638 438 761 484 quae
793 420 1045 480 mandata,
1076 422 1253 468 amicus
1275 425 1433 472 amicis
1462 436 1552 471 tra-
1607 479 1612 485 ,

256 500 270 508 ”
1140 495 1265 542 dam.

675 590 711 621 D
748 589 778 621 Ε
815 589 857 622 Μ
893 589 915 620 1
951 588 978 620 P
1016 587 1052 620 H
1088 589 1136 622 o.

1173 641 1333 691 Immo
1363 657 1518 689 mane.

265 716 472 764 Paucula
503 713 644 761 etiam
671 712 894 759 sciscitare
918 713 1046 774 prius
1068 715 1199 760 volo.

656 808 683 840 c
721 808 755 841 H
790 807 825 840 A
861 808 895 840 R
930 808 951 840 1
988 809 1021 841 N
1058 808 1094 840 U
1130 808 1170 842 s.

1120 869 1241 928 Dic,
1270 870 1393 930 quid
1420 870 1550 918 velis.

681 954 717 986 D
754 954 782 986 E
820 940 864 987 M
899 954 920 986 1
958 955 987 987 P
1023 954 1058 986 Η
1095 954 1144 988 ο.

266 1018 492 1079 Usquene
521 1014 742 1062 valuisti?

657 1108 684 1140 c
725 1107 758 1139 H
795 1106 830 1140 A
864 1108 899 1141 R
933 1109 955 1141 1
991 1109 1025 1142 N
1062 1109 1098 1142 U
1133 1109 1172 1143 s.

515 1170 754 1230 Perpetuo
778 1179 905 1215 tecte
927 1203 940 1226 ,
963 1169 1083 1216 dum
1115 1169 1314 1232 quidem
1336 1171 1431 1219 illic
1454 1173 1546 1220 fui:

266 1245 314 1294 ,V
317 1261 450 1291 erum
465 1278 479 1300 ,
507 1242 558 1287 in
587 1253 786 1303 portum
807 1243 902 1288 huc
925 1253 980 1288 ut
1002 1259 1109 1289 sum
1125 1244 1372 1305 advectuS,
1392 1247 1552 1294 nesc'io

530 1315 615 1375 qui
643 1315 829 1359 animus
858 1316 979 1361 mihi
1003 1316 1149 1363 dolet.

686 1409 720 1439 D
757 1408 786 1439 E
825 1408 866 1439 Μ
902 1409 922 1440 1
960 1409 987 1440 Ρ
1027 1411 1060 1442 Η
1098 1412 1145 1444 o.

269 1472 452 1519 Nausea
485 1467 658 1529 edepol
697 1467 877 1513 factum
915 1468 1085 1514 credo:
1125 1488 1296 1519 verum
1335 1485 1554 1521 actutum

522 1541 798 1588 abseesserit.

270 1618 365 1665 Sed
393 1615 512 1678 quid
536 1614 629 1660 ais?
658 1630 861 1674 ecquam
883 1625 940 1661 tu
962 1614 1153 1663 advexti
1177 1629 1287 1664 tuae
1307 1620 1446 1666 matri
1471 1636 1552 1667 an·-

523 1690 679 1735 cillam
707 1687 881 1734 Rhodo
896 1689 918 1733 ἓ

662 1782 1169 1818 CHARINUS.

271 1835 471 1886 Advexi.

680 1911 1137 1946 DEMIPHO.

433 1971 602 2042 Quid?
638 1988 690 2017 ea
718 1982 774 2017 ut
802 1971 991 2018 videtur
1023 1974 1230 2020 mulier?

662 2067 694 2098 c·
725 2066 759 2099 Η
795 2066 829 2098 A
866 2067 899 2099 R
935 2067 955 2099 1
991 2070 1024 2102 N
1063 2069 1097 2101 U
1135 2068 1173 2101 s.

1081 2121 1194 2166 Non
1222 2121 1395 2186 edepol
1418 2127 1554 2173 mala.

693 2213 730 2245 D
766 2212 797 2244 E
833 2213 875 2244 Μ
911 2211 931 2244 1
967 2211 995 2244 P
1031 2212 1065 2245 Η
1102 2214 1149 2246 ο.

273 2267 339 2315 Ut
363 2274 544 2314 morata
561 2263 647 2312 ’sti’

662 2350 688 2381 c
725 2349 759 2381 H
795 2349 828 2382 A
865 2351 898 2383 R
933 2350 954 2382 1
991 2351 1024 2383 N
1063 2352 1098 2384 U
1136 2352 1173 2385 s.

595 2401 791 2448 Nullam
815 2401 914 2448 vidi
945 2403 1112 2450 melius
1144 2422 1249 2452 mea
1275 2405 1517 2452 sententia.
