1618 2866
96 235 222 279 v.5o
426 212 714 263 ACTUS
764 213 802 258 Ι.
859 210 968 260 SC.
1018 210 1096 257 ΙΙ.
1312 224 1369 270 9ι

99 328 226 376 Novi
257 342 345 391 ego
374 337 436 373 te.

487 411 516 443 Ε
551 409 580 441 P
616 409 637 443 1
673 409 708 441 D
746 407 766 440 1
802 406 829 438 c
864 406 900 439 U
940 403 978 439 s.

291 471 374 518 Est
394 468 634 516 Euboicus
662 467 796 513 miles
818 464 1056 525 locuples,
1081 462 1238 508 multo
1265 478 1381 509 auro

966 545 1136 596 potens
1155 568 1169 590 ,

102 617 204 688 Qui
221 615 307 662 ubi
330 613 419 659 tibi
440 612 575 657 istam
596 620 773 656 emtam
793 623 886 654 esse
904 606 1067 663 scibit,
1091 616 1237 665 atque
1252 605 1377 651 hanc

301 712 309 718 -
357 683 610 730 adductam
636 682 830 727 alteram
846 713 860 735 ‚

104 758 349 807 Continuo
363 767 412 802 te
430 754 582 802 orabit
598 755 742 810 ultro,
760 764 818 799 ut
834 751 960 796 illam
980 747 1259 803 transmittas
1276 747 1378 793 sibi.

103 829 198 878 Sed
222 829 308 876 ubi
333 829 412 874 illa
440 829 521 884 ’st‚
546 843 692 888 quarn
715 837 771 872 tu
792 821 1031 870 adduxisti
1048 820 1241 868 tecum?

330 916 1154 958 STRATIPPOCLES.

386 980 407 990 ’
899 978 1008 1037 Jam
1036 976 1145 1022 faxo
1171 976 1247 1021 hic
1278 974 1376 1020 erit.

380 1075 407 1106 C
444 1073 478 1106 H
514 1073 548 1106 A
583 1073 613 1106 E
648 1073 681 1106 R
717 1072 738 1104 I
774 1073 802 1104 B
838 1071 874 1104 U
907 1070 938 1103 L
974 1068 1009 1101 U
1046 1067 1085 1101 S.

106 1133 242 1207 Quid
261 1134 338 1181 hic
364 1149 495 1180 nunc
513 1131 726 1196 agimus?

333 1212 1150 1252 STRATIPPOCLES.

235 1280 409 1326 Eamus
426 1279 550 1324 intro
568 1278 663 1323 huc
678 1276 739 1323 ad
752 1288 826 1334 te,
851 1287 907 1323 ut
926 1276 1056 1321 hunc
1083 1271 1228 1318 hodIe
1248 1270 1376 1316 diem

105 1354 371 1400 Luculente
397 1353 664 1398 habeamus.
950 1373 955 1376 ·

489 1453 521 1485 E
557 1452 587 1484 P
621 1454 642 1486 1
678 1453 714 1484 D
749 1451 770 1484 I
805 1451 833 1483 C
867 1450 903 1482 U
941 1450 978 1484 S.

616 1513 688 1558 Ite
705 1512 844 1557 intro.
874 1527 961 1575 ego
982 1510 1041 1556 de
1058 1526 1108 1555 re
1130 1506 1383 1572 argentaria
1429 1496 1432 1498 ⁵

102 1587 212 1647 Jam
235 1597 451 1633 senatum
468 1586 745 1632 convocabo
771 1585 822 1629 in
839 1583 982 1629 corde
1006 1580 1349 1635 consiliarium,

109 1660 242 1730 Quoi
254 1660 571 1722 potissumum
585 1657 818 1716 indicatur
835 1657 1020 1702 bellum
1037 1689 1051 1712 ,
1070 1653 1200 1700 unde
1223 1666 1383 1714 argen-

365 1743 474 1778 tum
500 1730 719 1777 auferam.

50 1837 58 1845 ι
109 1804 333 1866 Epidice,
358 1804 467 1850 vide
486 1803 605 1864 quid
623 1818 749 1867 agas:
782 1802 846 1848 ita
867 1816 937 1846 res
969 1799 1128 1846 subito
1152 1798 1267 1843 haec
1297 1796 1385 1842 ob-

353 1877 480 1940 jecta
507 1876 561 1921 'st
581 1875 686 1921 tibi„

113 1947 226 1994 Non
247 1948 376 1994 enim
398 1964 528 1993 nunc
557 1947 646 1993 tibi
670 1944 1053 2000 dormitandum,
1084 1949 1384 2002 neque'cun-

367 2020 524 2067 ctandi
548 2021 683 2083 copia
710 2021 777 2066 'st.

117 2089 182 2139 At
198 2093 420 2139 eumdem
444 2109 602 2139 senem
634 2107 908 2155 oppugnaxe
937 2100 1120 2137 certum
1150 2087 1206 2132 ’st
1232 2085 1385 2132 consi-

362 2167 496 2213 lium.
526 2167 571 2224 i,
596 2167 639 2224 i,
667 2166 742 2212 abi

118 2236 271 2293 Intro,
281 2247 424 2298 atque
438 2239 722 2287 adulescenti
738 2238 814 2285 dic
823 2238 924 2301 jam
939 2247 1099 2283 nostro
1117 2235 1251 2280 herili
1269 2233 1386 2287 filio,

0 2365 1 2368 Ἰ
70 2381 74 2385 ¹
122 2308 197 2355 Ne
215 2308 291 2354 hic
313 2308 429 2356 foras
459 2313 702 2371 ambulet,
728 2329 848 2359 neve
879 2328 1082 2374 usquam
1109 2309 1268 2356 veniat
1299 2305 1389 2352 ob-

375 2382 501 2428 viam
527 2386 637 2430 seni.
