<?xml version="1.0" encoding="UTF-8"?>
<!DOCTYPE html PUBLIC "-//W3C//DTD XHTML 1.0 Transitional//EN"
    "http://www.w3.org/TR/xhtml1/DTD/xhtml1-transitional.dtd">
<html xmlns="http://www.w3.org/1999/xhtml" xml:lang="en" lang="en">
 <head>
  <title>
</title>
<meta http-equiv="Content-Type" content="text/html;charset=utf-8" />
  <meta name='ocr-system' content='tesseract 3.04.00' />
  <meta name='ocr-capabilities' content='ocr_page ocr_carea ocr_par ocr_line ocrx_word'/>
</head>
<body>
  <div class='ocr_page' id='page_1' title='image "./comoediaesuperst02plauuoft_0134.png"; bbox 0 0 1618 2866; ppageno 0'>
   <div class='ocr_carea' id='block_1_1' title="bbox 245 187 1525 254">
    <p class='ocr_par' dir='ltr' id='par_1_1' title="bbox 245 187 1525 254">
     <span class='ocr_line' id='line_1_1' title="bbox 245 187 1525 254; baseline 0 -16"><span class='ocrx_word' id='word_1_1' title='bbox 245 193 374 239; x_wconf 76' lang='lat'><strong>126·</strong></span> <span class='ocrx_word' id='word_1_2' title='bbox 629 187 1162 237; x_wconf 90' lang='lat' dir='ltr'>EPIDICUS.</span> <span class='ocrx_word' id='word_1_3' title='bbox 1389 207 1525 254; x_wconf 86' lang='lat' dir='ltr'>v.33</span> 
     </span>
    </p>
   </div>
   <div class='ocr_carea' id='block_1_2' title="bbox 238 307 1529 661">
    <p class='ocr_par' dir='ltr' id='par_1_2' title="bbox 238 307 1529 661">
     <span class='ocr_line' id='line_1_2' title="bbox 631 307 1400 343; baseline 0.004 -3"><span class='ocrx_word' id='word_1_4' title='bbox 631 308 659 340; x_wconf 99' lang='lat' dir='ltr'>P</span> <span class='ocrx_word' id='word_1_5' title='bbox 696 308 731 341; x_wconf 79' lang='grc' dir='ltr'><strong>Η</strong></span> <span class='ocrx_word' id='word_1_6' title='bbox 767 308 790 341; x_wconf 92' lang='lat'>1</span> <span class='ocrx_word' id='word_1_7' title='bbox 824 307 855 342; x_wconf 84' lang='lat'>1.</span> <span class='ocrx_word' id='word_1_8' title='bbox 891 308 913 341; x_wconf 95' lang='lat'>1</span> <span class='ocrx_word' id='word_1_9' title='bbox 948 308 976 342; x_wconf 98' lang='lat' dir='ltr'>P</span> <span class='ocrx_word' id='word_1_10' title='bbox 1012 309 1040 342; x_wconf 94' lang='lat' dir='ltr'>P</span> <span class='ocrx_word' id='word_1_11' title='bbox 1075 309 1126 343; x_wconf 88' lang='lat' dir='ltr'>A.</span> <span class='ocrx_word' id='word_1_12' title='bbox 1395 342 1400 343; x_wconf 14' lang='grc' dir='ltr'><em>γ</em></span> 
     </span>
     <span class='ocr_line' id='line_1_3' title="bbox 330 368 1529 433; baseline 0.002 -17"><span class='ocrx_word' id='word_1_13' title='bbox 330 368 520 431; x_wconf 88' lang='lat' dir='ltr'><strong>Accipe.</strong></span> <span class='ocrx_word' id='word_1_14' title='bbox 541 385 871 416; x_wconf 83' lang='lat' dir='ltr'>aerumnosam</span> <span class='ocrx_word' id='word_1_15' title='bbox 891 381 938 416; x_wconf 86' lang='lat' dir='ltr'>et</span> <span class='ocrx_word' id='word_1_16' title='bbox 957 370 1246 417; x_wconf 76' lang='lat' dir='ltr'>miseriarum</span> <span class='ocrx_word' id='word_1_17' title='bbox 1266 381 1529 433; x_wconf 86' lang='lat' dir='ltr'><strong>conpotem</strong></span> 
     </span>
     <span class='ocr_line' id='line_1_4' title="bbox 238 444 701 492; baseline -0.004 0"><span class='ocrx_word' id='word_1_18' title='bbox 238 446 493 492; x_wconf 79' lang='lat' dir='ltr'>Mulierem</span> <span class='ocrx_word' id='word_1_19' title='bbox 516 444 701 490; x_wconf 84' lang='lat' dir='ltr'>retines.</span> 
     </span>
     <span class='ocr_line' id='line_1_5' title="bbox 547 531 1198 565; baseline 0 -1"><span class='ocrx_word' id='word_1_20' title='bbox 547 531 1198 565; x_wconf 65' lang='lat' dir='ltr'>PERIP‘HANES.</span> 
     </span>
     <span class='ocr_line' id='line_1_6' title="bbox 448 580 1529 661; baseline 0.003 -23"><span class='ocrx_word' id='word_1_21' title='bbox 448 580 456 589; x_wconf 59' lang='grc'><strong>”</strong></span> <span class='ocrx_word' id='word_1_22' title='bbox 493 592 634 661; x_wconf 75' lang='lat' dir='ltr'>Quid</span> <span class='ocrx_word' id='word_1_23' title='bbox 659 598 755 650; x_wconf 81' lang='lat' dir='ltr'>est&#39;,</span> <span class='ocrx_word' id='word_1_24' title='bbox 781 593 920 654; x_wconf 89' lang='lat' dir='ltr'>quod</span> <span class='ocrx_word' id='word_1_25' title='bbox 946 594 1105 640; x_wconf 86' lang='lat' dir='ltr'>voltus</span> <span class='ocrx_word' id='word_1_26' title='bbox 1130 609 1177 640; x_wconf 87' lang='lat' dir='ltr'>se</span> <span class='ocrx_word' id='word_1_27' title='bbox 1204 593 1529 642; x_wconf 73' lang='lat' dir='ltr'>turbat&#39;tuus?</span> 
     </span>
    </p>
   </div>
   <div class='ocr_carea' id='block_1_3' title="bbox 238 688 1125 812">
    <p class='ocr_par' dir='ltr' id='par_1_3' title="bbox 238 688 1125 812">
     <span class='ocr_line' id='line_1_7' title="bbox 630 688 1125 723; baseline 0.006 -4"><span class='ocrx_word' id='word_1_28' title='bbox 630 688 657 720; x_wconf 88' lang='lat' dir='ltr'>P</span> <span class='ocrx_word' id='word_1_29' title='bbox 696 689 730 720; x_wconf 84' lang='lat' dir='ltr'>H</span> <span class='ocrx_word' id='word_1_30' title='bbox 766 689 786 720; x_wconf 90' lang='grc' dir='ltr'>Ι</span> <span class='ocrx_word' id='word_1_31' title='bbox 823 689 854 721; x_wconf 86' lang='lat' dir='ltr'>L</span> <span class='ocrx_word' id='word_1_32' title='bbox 890 690 910 722; x_wconf 94' lang='lat'>1</span> <span class='ocrx_word' id='word_1_33' title='bbox 947 690 974 722; x_wconf 90' lang='lat' dir='ltr'>P</span> <span class='ocrx_word' id='word_1_34' title='bbox 1011 690 1038 722; x_wconf 90' lang='lat' dir='ltr'>P</span> <span class='ocrx_word' id='word_1_35' title='bbox 1076 690 1125 723; x_wconf 87' lang='lat' dir='ltr'>A.</span> 
     </span>
     <span class='ocr_line' id='line_1_8' title="bbox 238 749 985 812; baseline 0.003 -18"><span class='ocrx_word' id='word_1_36' title='bbox 238 749 432 807; x_wconf 81' lang='lat' dir='ltr'>Filiam,</span> <span class='ocrx_word' id='word_1_37' title='bbox 460 764 607 810; x_wconf 79' lang='lat' dir='ltr'>quarn</span> <span class='ocrx_word' id='word_1_38' title='bbox 636 765 697 794; x_wconf 84' lang='lat' dir='ltr'>ex</span> <span class='ocrx_word' id='word_1_39' title='bbox 718 760 763 795; x_wconf 89' lang='lat' dir='ltr'>te</span> <span class='ocrx_word' id='word_1_40' title='bbox 791 751 985 812; x_wconf 85' lang='lat' dir='ltr'>suscepi.</span> 
     </span>
    </p>
   </div>
   <div class='ocr_carea' id='block_1_4' title="bbox 235 845 1530 1902">
    <p class='ocr_par' dir='ltr' id='par_1_4' title="bbox 554 845 1200 1023">
     <span class='ocr_line' id='line_1_9' title="bbox 554 845 1200 879; baseline 0.002 -1"><span class='ocrx_word' id='word_1_41' title='bbox 554 845 583 878; x_wconf 98' lang='lat' dir='ltr'>P</span> <span class='ocrx_word' id='word_1_42' title='bbox 623 845 653 877; x_wconf 86' lang='lat' dir='ltr'><strong>E</strong></span> <span class='ocrx_word' id='word_1_43' title='bbox 689 845 724 878; x_wconf 78' lang='lat' dir='ltr'><strong>R</strong></span> <span class='ocrx_word' id='word_1_44' title='bbox 758 845 780 878; x_wconf 94' lang='lat'>1</span> <span class='ocrx_word' id='word_1_45' title='bbox 815 845 843 877; x_wconf 91' lang='lat' dir='ltr'>P</span> <span class='ocrx_word' id='word_1_46' title='bbox 881 846 915 878; x_wconf 87' lang='lat' dir='ltr'>H</span> <span class='ocrx_word' id='word_1_47' title='bbox 951 845 986 877; x_wconf 83' lang='lat' dir='ltr'>A</span> <span class='ocrx_word' id='word_1_48' title='bbox 1022 847 1055 878; x_wconf 86' lang='lat' dir='ltr'>N</span> <span class='ocrx_word' id='word_1_49' title='bbox 1090 846 1120 878; x_wconf 83' lang='grc' dir='ltr'><strong>Ε</strong></span> <span class='ocrx_word' id='word_1_50' title='bbox 1161 845 1200 879; x_wconf 89' lang='lat' dir='ltr'>s.</span> 
     </span>
     <span class='ocr_line' id='line_1_10' title="bbox 824 904 1118 973; baseline 0 -23"><span class='ocrx_word' id='word_1_51' title='bbox 824 905 963 973; x_wconf 75' lang='lat' dir='ltr'>Quid</span> <span class='ocrx_word' id='word_1_52' title='bbox 983 904 1118 950; x_wconf 78' lang='lat' dir='ltr'>eam?</span> 
     </span>
     <span class='ocr_line' id='line_1_11' title="bbox 630 989 1123 1023; baseline -0.002 0"><span class='ocrx_word' id='word_1_53' title='bbox 630 991 658 1022; x_wconf 92' lang='lat' dir='ltr'>P</span> <span class='ocrx_word' id='word_1_54' title='bbox 695 990 731 1023; x_wconf 80' lang='lat' dir='ltr'>H</span> <span class='ocrx_word' id='word_1_55' title='bbox 762 991 782 1023; x_wconf 94' lang='lat'>1</span> <span class='ocrx_word' id='word_1_56' title='bbox 818 989 848 1022; x_wconf 87' lang='lat' dir='ltr'>L</span> <span class='ocrx_word' id='word_1_57' title='bbox 885 991 907 1023; x_wconf 94' lang='lat'>1</span> <span class='ocrx_word' id='word_1_58' title='bbox 942 990 970 1022; x_wconf 92' lang='lat' dir='ltr'>P</span> <span class='ocrx_word' id='word_1_59' title='bbox 1006 991 1034 1022; x_wconf 89' lang='lat' dir='ltr'>P</span> <span class='ocrx_word' id='word_1_60' title='bbox 1074 989 1123 1022; x_wconf 84' lang='lat' dir='ltr'>A.</span> 
     </span>
    </p>

    <p class='ocr_par' dir='ltr' id='par_1_5' title="bbox 237 1046 1521 1235">
     <span class='ocr_line' id='line_1_12' title="bbox 1058 1046 1521 1110; baseline -0.004 -13"><span class='ocrx_word' id='word_1_61' title='bbox 1058 1046 1296 1097; x_wconf 85' lang='lat' dir='ltr'><strong>Eductam</strong></span> <span class='ocrx_word' id='word_1_62' title='bbox 1321 1048 1521 1110; x_wconf 85' lang='lat' dir='ltr'>perdidi.</span> 
     </span>
     <span class='ocr_line' id='line_1_13' title="bbox 237 1113 1244 1175; baseline -0.009 -12"><span class='ocrx_word' id='word_1_63' title='bbox 237 1115 464 1163; x_wconf 86' lang='lat' dir='ltr'>Hostium</span> <span class='ocrx_word' id='word_1_64' title='bbox 493 1123 560 1159; x_wconf 89' lang='lat' dir='ltr'>est</span> <span class='ocrx_word' id='word_1_65' title='bbox 582 1113 750 1175; x_wconf 82' lang='lat' dir='ltr'>potita.</span> <span class='ocrx_word' id='word_1_66' title='bbox 1242 1151 1244 1154; x_wconf 79' lang='grc'>,</span> 
     </span>
     <span class='ocr_line' id='line_1_14' title="bbox 562 1173 1203 1235; baseline 0 0"><span class='ocrx_word' id='word_1_67' title='bbox 562 1202 590 1235; x_wconf 92' lang='lat' dir='ltr'>P</span> <span class='ocrx_word' id='word_1_68' title='bbox 627 1199 657 1233; x_wconf 89' lang='lat' dir='ltr'>E</span> <span class='ocrx_word' id='word_1_69' title='bbox 694 1201 728 1234; x_wconf 81' lang='lat' dir='ltr'>R</span> <span class='ocrx_word' id='word_1_70' title='bbox 763 1199 785 1232; x_wconf 97' lang='lat' dir='ltr'>I</span> <span class='ocrx_word' id='word_1_71' title='bbox 822 1199 849 1232; x_wconf 90' lang='lat' dir='ltr'>P</span> <span class='ocrx_word' id='word_1_72' title='bbox 886 1196 922 1233; x_wconf 86' lang='lat' dir='ltr'><strong>H</strong></span> <span class='ocrx_word' id='word_1_73' title='bbox 956 1199 991 1233; x_wconf 90' lang='lat' dir='ltr'>A</span> <span class='ocrx_word' id='word_1_74' title='bbox 1025 1201 1059 1234; x_wconf 87' lang='lat' dir='ltr'>N</span> <span class='ocrx_word' id='word_1_75' title='bbox 1093 1201 1124 1234; x_wconf 83' lang='lat' dir='ltr'><strong>E</strong></span> <span class='ocrx_word' id='word_1_76' title='bbox 1164 1173 1203 1235; x_wconf 50' lang='lat' dir='ltr'>s:</span> 
     </span>
    </p>

    <p class='ocr_par' dir='ltr' id='par_1_6' title="bbox 235 1261 1530 1902">
     <span class='ocr_line' id='line_1_15' title="bbox 376 1261 1523 1324; baseline 0.001 -16"><span class='ocrx_word' id='word_1_77' title='bbox 376 1263 516 1308; x_wconf 82' lang='lat' dir='ltr'>Habe</span> <span class='ocrx_word' id='word_1_78' title='bbox 540 1262 757 1308; x_wconf 86' lang='lat' dir='ltr'>animum</span> <span class='ocrx_word' id='word_1_79' title='bbox 783 1262 945 1307; x_wconf 87' lang='lat' dir='ltr'>lenem</span> <span class='ocrx_word' id='word_1_80' title='bbox 959 1296 971 1319; x_wconf 84' lang='lat'>‚</span> <span class='ocrx_word' id='word_1_81' title='bbox 993 1271 1041 1307; x_wconf 90' lang='lat' dir='ltr'>et</span> <span class='ocrx_word' id='word_1_82' title='bbox 1058 1262 1374 1324; x_wconf 88' lang='lat' dir='ltr'>tranquillum</span> <span class='ocrx_word' id='word_1_83' title='bbox 1399 1261 1523 1309; x_wconf 84' lang='lat' dir='ltr'>face:</span> 
     </span>
     <span class='ocr_line' id='line_1_16' title="bbox 237 1336 1530 1398; baseline -0.002 -13"><span class='ocrx_word' id='word_1_84' title='bbox 237 1338 390 1387; x_wconf 87' lang='lat' dir='ltr'>Domi</span> <span class='ocrx_word' id='word_1_85' title='bbox 423 1352 556 1383; x_wconf 86' lang='lat' dir='ltr'>meae</span> <span class='ocrx_word' id='word_1_86' title='bbox 586 1352 744 1381; x_wconf 89' lang='lat' dir='ltr'>eccam</span> <span class='ocrx_word' id='word_1_87' title='bbox 770 1336 945 1382; x_wconf 86' lang='lat' dir='ltr'>salvam</span> <span class='ocrx_word' id='word_1_88' title='bbox 973 1346 1021 1381; x_wconf 84' lang='lat' dir='ltr'>et</span> <span class='ocrx_word' id='word_1_89' title='bbox 1050 1352 1222 1382; x_wconf 89' lang='lat' dir='ltr'>sanam.</span> <span class='ocrx_word' id='word_1_90' title='bbox 1254 1351 1368 1382; x_wconf 87' lang='lat' dir='ltr'>nam</span> <span class='ocrx_word' id='word_1_91' title='bbox 1393 1336 1530 1398; x_wconf 68' lang='lat' dir='ltr'>post-⁴,</span> 
     </span>
     <span class='ocr_line' id='line_1_17' title="bbox 494 1407 987 1470; baseline 0 -16"><span class='ocrx_word' id='word_1_92' title='bbox 494 1425 643 1470; x_wconf 84' lang='lat' dir='ltr'>quam</span> <span class='ocrx_word' id='word_1_93' title='bbox 675 1407 839 1454; x_wconf 85' lang='lat' dir='ltr'>audivi</span> <span class='ocrx_word' id='word_1_94' title='bbox 860 1409 987 1455; x_wconf 78' lang='lat' dir='ltr'>illico</span> 
     </span>
     <span class='ocr_line' id='line_1_18' title="bbox 239 1482 1526 1546; baseline 0.002 -16"><span class='ocrx_word' id='word_1_95' title='bbox 239 1482 313 1531; x_wconf 85' lang='lat' dir='ltr'>Ex</span> <span class='ocrx_word' id='word_1_96' title='bbox 343 1499 455 1529; x_wconf 89' lang='lat' dir='ltr'>meo</span> <span class='ocrx_word' id='word_1_97' title='bbox 486 1484 649 1539; x_wconf 62' lang='lat' dir='ltr'>servo‘,</span> <span class='ocrx_word' id='word_1_98' title='bbox 683 1482 813 1527; x_wconf 86' lang='lat' dir='ltr'>illam</span> <span class='ocrx_word' id='word_1_99' title='bbox 850 1499 944 1528; x_wconf 86' lang='lat' dir='ltr'>esse</span> <span class='ocrx_word' id='word_1_100' title='bbox 984 1485 1253 1546; x_wconf 74' lang='lat' dir='ltr'>captivam,</span> <span class='ocrx_word' id='word_1_101' title='bbox 1291 1485 1526 1532; x_wconf 88' lang='lat' dir='ltr'>continuo</span> 
     </span>
     <span class='ocr_line' id='line_1_19' title="bbox 493 1554 894 1620; baseline -0.002 -18"><span class='ocrx_word' id='word_1_102' title='bbox 493 1566 743 1620; x_wconf 83' lang='lat' dir='ltr'>argentum</span> <span class='ocrx_word' id='word_1_103' title='bbox 781 1554 894 1601; x_wconf 86' lang='lat' dir='ltr'>dedi</span> 
     </span>
     <span class='ocr_line' id='line_1_20' title="bbox 237 1627 1528 1695; baseline 0.001 -18"><span class='ocrx_word' id='word_1_104' title='bbox 237 1630 303 1677; x_wconf 89' lang='lat' dir='ltr'>Ut</span> <span class='ocrx_word' id='word_1_105' title='bbox 328 1641 576 1677; x_wconf 86' lang='lat' dir='ltr'>emeretur.</span> <span class='ocrx_word' id='word_1_106' title='bbox 606 1629 686 1676; x_wconf 88' lang='lat' dir='ltr'>ille</span> <span class='ocrx_word' id='word_1_107' title='bbox 713 1646 818 1676; x_wconf 86' lang='lat' dir='ltr'>eam</span> <span class='ocrx_word' id='word_1_108' title='bbox 842 1646 944 1677; x_wconf 86' lang='lat' dir='ltr'>rem</span> <span class='ocrx_word' id='word_1_109' title='bbox 966 1629 1087 1677; x_wconf 88' lang='lat' dir='ltr'>adeo</span> <span class='ocrx_word' id='word_1_110' title='bbox 1114 1630 1270 1678; x_wconf 85' lang='lat' dir='ltr'>sobrie</span> <span class='ocrx_word' id='word_1_111' title='bbox 1299 1640 1348 1677; x_wconf 88' lang='lat' dir='ltr'>et</span> <span class='ocrx_word' id='word_1_112' title='bbox 1373 1627 1528 1695; x_wconf 60' lang='lat' dir='ltr'>&#39;fruga⁴</span> 
     </span>
     <span class='ocr_line' id='line_1_21' title="bbox 494 1706 601 1751; baseline 0.009 -1"><span class='ocrx_word' id='word_1_113' title='bbox 494 1706 601 1751; x_wconf 85' lang='lat' dir='ltr'>liter</span> 
     </span>
     <span class='ocr_line' id='line_1_22' title="bbox 235 1774 1408 1837; baseline -0.003 -13"><span class='ocrx_word' id='word_1_114' title='bbox 235 1776 488 1824; x_wconf 70' lang='lat' dir='ltr'>Accusavit</span> <span class='ocrx_word' id='word_1_115' title='bbox 504 1811 518 1834; x_wconf 83' lang='lat'><strong>,</strong></span> <span class='ocrx_word' id='word_1_116' title='bbox 545 1787 602 1822; x_wconf 88' lang='lat' dir='ltr'>ut</span> <span class='ocrx_word' id='word_1_117' title='bbox 627 1775 733 1822; x_wconf 85' lang='lat' dir='ltr'>alias</span> <span class='ocrx_word' id='word_1_118' title='bbox 758 1791 827 1821; x_wconf 85' lang='lat' dir='ltr'>res</span> <span class='ocrx_word' id='word_1_119' title='bbox 852 1785 920 1821; x_wconf 87' lang='lat' dir='ltr'>est</span> <span class='ocrx_word' id='word_1_120' title='bbox 942 1775 1139 1836; x_wconf 86' lang='lat' dir='ltr'>inpense</span> <span class='ocrx_word' id='word_1_121' title='bbox 1163 1774 1408 1837; x_wconf 85' lang='lat' dir='ltr'>inprobus.</span> 
     </span>
     <span class='ocr_line' id='line_1_23' title="bbox 628 1867 1128 1902; baseline -0.004 0"><span class='ocrx_word' id='word_1_122' title='bbox 628 1870 656 1902; x_wconf 89' lang='lat' dir='ltr'>P</span> <span class='ocrx_word' id='word_1_123' title='bbox 693 1869 727 1901; x_wconf 80' lang='grc' dir='ltr'><strong>Η</strong></span> <span class='ocrx_word' id='word_1_124' title='bbox 764 1869 784 1901; x_wconf 93' lang='lat'>1</span> <span class='ocrx_word' id='word_1_125' title='bbox 823 1869 854 1901; x_wconf 85' lang='lat' dir='ltr'>L</span> <span class='ocrx_word' id='word_1_126' title='bbox 891 1869 913 1901; x_wconf 94' lang='lat'>1</span> <span class='ocrx_word' id='word_1_127' title='bbox 947 1868 975 1901; x_wconf 91' lang='lat' dir='ltr'>P</span> <span class='ocrx_word' id='word_1_128' title='bbox 1010 1867 1040 1901; x_wconf 88' lang='lat' dir='ltr'>P</span> <span class='ocrx_word' id='word_1_129' title='bbox 1078 1868 1128 1900; x_wconf 88' lang='lat' dir='ltr'>A.</span> 
     </span>
    </p>
   </div>
   <div class='ocr_carea' id='block_1_5' title="bbox 235 1929 1537 2503">
    <p class='ocr_par' dir='ltr' id='par_1_7' title="bbox 239 1929 1173 1991">
     <span class='ocr_line' id='line_1_24' title="bbox 239 1929 1173 1991; baseline 0.001 -16"><span class='ocrx_word' id='word_1_130' title='bbox 239 1929 329 1976; x_wconf 84' lang='lat' dir='ltr'>Fac</span> <span class='ocrx_word' id='word_1_131' title='bbox 353 1929 568 1988; x_wconf 79' lang='lat' dir='ltr'>videam,</span> <span class='ocrx_word' id='word_1_132' title='bbox 602 1931 638 1976; x_wconf 88' lang='lat' dir='ltr'>si</span> <span class='ocrx_word' id='word_1_133' title='bbox 665 1948 744 1977; x_wconf 90' lang='lat' dir='ltr'>me</span> <span class='ocrx_word' id='word_1_134' title='bbox 767 1931 850 1977; x_wconf 89' lang='lat' dir='ltr'>vis.</span> <span class='ocrx_word' id='word_1_135' title='bbox 1168 1987 1173 1991; x_wconf 22' lang='grc' dir='ltr'><em>η</em></span> 
     </span>
    </p>

    <p class='ocr_par' dir='ltr' id='par_1_8' title="bbox 561 2011 1200 2052">
     <span class='ocr_line' id='line_1_25' title="bbox 561 2011 1200 2052; baseline -0.013 0"><span class='ocrx_word' id='word_1_136' title='bbox 561 2015 590 2052; x_wconf 88' lang='lat' dir='ltr'>P</span> <span class='ocrx_word' id='word_1_137' title='bbox 625 2015 655 2048; x_wconf 85' lang='lat' dir='ltr'>E</span> <span class='ocrx_word' id='word_1_138' title='bbox 692 2017 726 2050; x_wconf 83' lang='lat' dir='ltr'>R</span> <span class='ocrx_word' id='word_1_139' title='bbox 761 2017 781 2048; x_wconf 94' lang='lat'>1</span> <span class='ocrx_word' id='word_1_140' title='bbox 818 2015 846 2047; x_wconf 89' lang='lat' dir='ltr'>P</span> <span class='ocrx_word' id='word_1_141' title='bbox 883 2014 918 2048; x_wconf 83' lang='grc' dir='ltr'>Η</span> <span class='ocrx_word' id='word_1_142' title='bbox 955 2014 989 2046; x_wconf 85' lang='grc' dir='ltr'><strong>Α</strong></span> <span class='ocrx_word' id='word_1_143' title='bbox 1025 2014 1058 2046; x_wconf 78' lang='grc' dir='ltr'>Ν</span> <span class='ocrx_word' id='word_1_144' title='bbox 1093 2013 1123 2044; x_wconf 84' lang='grc' dir='ltr'><strong>Ε</strong></span> <span class='ocrx_word' id='word_1_145' title='bbox 1162 2011 1200 2044; x_wconf 88' lang='lat' dir='ltr'>s.</span> 
     </span>
    </p>

    <p class='ocr_par' dir='ltr' id='par_1_9' title="bbox 235 2071 1537 2503">
     <span class='ocr_line' id='line_1_26' title="bbox 791 2071 1537 2137; baseline -0.001 -16"><span class='ocrx_word' id='word_1_146' title='bbox 791 2075 896 2121; x_wconf 87' lang='lat' dir='ltr'>Eho</span> <span class='ocrx_word' id='word_1_147' title='bbox 914 2109 927 2131; x_wconf 86' lang='lat'>‚</span> <span class='ocrx_word' id='word_1_148' title='bbox 947 2074 1081 2118; x_wconf 89' lang='lat' dir='ltr'>istinc</span> <span class='ocrx_word' id='word_1_149' title='bbox 1098 2107 1111 2129; x_wconf 87' lang='lat'>,</span> <span class='ocrx_word' id='word_1_150' title='bbox 1133 2071 1363 2118; x_wconf 85' lang='lat' dir='ltr'>Canthara</span> <span class='ocrx_word' id='word_1_151' title='bbox 1377 2106 1390 2130; x_wconf 86' lang='grc'>,</span> <span class='ocrx_word' id='word_1_152' title='bbox 1402 2072 1537 2137; x_wconf 54' lang='lat' dir='ltr'>jube,</span> 
     </span>
     <span class='ocr_line' id='line_1_27' title="bbox 235 2142 1523 2209; baseline -0.002 -14"><span class='ocrx_word' id='word_1_153' title='bbox 235 2147 405 2195; x_wconf 82' lang='lat' dir='ltr'>Statim</span> <span class='ocrx_word' id='word_1_154' title='bbox 452 2147 744 2194; x_wconf 87' lang='lat' dir='ltr'>Telestidem</span> <span class='ocrx_word' id='word_1_155' title='bbox 796 2146 986 2209; x_wconf 87' lang='lat' dir='ltr'>prodire</span> <span class='ocrx_word' id='word_1_156' title='bbox 1039 2142 1186 2192; x_wconf 76' lang='lat' dir='ltr'>fifiam</span> <span class='ocrx_word' id='word_1_157' title='bbox 1235 2157 1345 2193; x_wconf 87' lang='lat' dir='ltr'>ante</span> <span class='ocrx_word' id='word_1_158' title='bbox 1396 2145 1523 2192; x_wconf 73' lang='lat' dir='ltr'>aedis</span> 
     </span>
     <span class='ocr_line' id='line_1_28' title="bbox 488 2236 677 2276; baseline 0 -12"><span class='ocrx_word' id='word_1_159' title='bbox 488 2236 677 2276; x_wconf 85' lang='lat' dir='ltr'>meam,</span> 
     </span>
     <span class='ocr_line' id='line_1_29' title="bbox 235 2292 881 2341; baseline -0.005 -1"><span class='ocrx_word' id='word_1_160' title='bbox 235 2292 301 2340; x_wconf 91' lang='lat' dir='ltr'>Ut</span> <span class='ocrx_word' id='word_1_161' title='bbox 324 2309 455 2341; x_wconf 82' lang='lat' dir='ltr'>suam</span> <span class='ocrx_word' id='word_1_162' title='bbox 481 2292 643 2340; x_wconf 88' lang='lat' dir='ltr'>videat</span> <span class='ocrx_word' id='word_1_163' title='bbox 666 2302 881 2338; x_wconf 86' lang='lat' dir='ltr'>matrem.</span> 
     </span>
     <span class='ocr_line' id='line_1_30' title="bbox 629 2377 1122 2410; baseline 0 0"><span class='ocrx_word' id='word_1_164' title='bbox 629 2378 656 2410; x_wconf 87' lang='lat' dir='ltr'>P</span> <span class='ocrx_word' id='word_1_165' title='bbox 694 2377 728 2410; x_wconf 77' lang='lat' dir='ltr'>H</span> <span class='ocrx_word' id='word_1_166' title='bbox 765 2377 786 2410; x_wconf 90' lang='grc' dir='ltr'>Ῑ</span> <span class='ocrx_word' id='word_1_167' title='bbox 822 2378 852 2410; x_wconf 88' lang='lat' dir='ltr'>L</span> <span class='ocrx_word' id='word_1_168' title='bbox 891 2378 910 2410; x_wconf 88' lang='lat' dir='ltr'>I</span> <span class='ocrx_word' id='word_1_169' title='bbox 948 2377 976 2410; x_wconf 89' lang='lat' dir='ltr'>P</span> <span class='ocrx_word' id='word_1_170' title='bbox 1013 2377 1041 2410; x_wconf 86' lang='lat' dir='ltr'>P</span> <span class='ocrx_word' id='word_1_171' title='bbox 1075 2377 1122 2410; x_wconf 85' lang='lat' dir='ltr'>A.</span> 
     </span>
     <span class='ocr_line' id='line_1_31' title="bbox 554 2433 1517 2503; baseline -0.007 -15"><span class='ocrx_word' id='word_1_172' title='bbox 554 2439 793 2503; x_wconf 85' lang='lat' dir='ltr'>Remigrat</span> <span class='ocrx_word' id='word_1_173' title='bbox 810 2438 994 2485; x_wconf 85' lang='lat' dir='ltr'>animus</span> <span class='ocrx_word' id='word_1_174' title='bbox 1013 2455 1143 2485; x_wconf 87' lang='lat' dir='ltr'>nunc</span> <span class='ocrx_word' id='word_1_175' title='bbox 1165 2437 1363 2486; x_wconf 85' lang='lat' dir='ltr'>demum</span> <span class='ocrx_word' id='word_1_176' title='bbox 1386 2433 1517 2484; x_wconf 76' lang='lat' dir='ltr'>mihi.</span> 
     </span>
    </p>
   </div>
  </div>
 </body>
</html>
