1618 2866
268 167 366 214 490
497 149 1291 200 MOSTELLARIA.
1459 165 1551 214 v.3

268 259 393 304 Nam
421 258 514 303 illic
541 256 627 302 ubi
653 255 724 302 fui
742 290 755 313 ‚
787 255 901 302 inde
934 255 1079 321 effugi
1108 256 1243 304 foras.

267 331 341 376 Ita
363 346 442 375 me
469 329 539 374 ibi
567 329 689 374 male
722 329 913 375 convivi
946 329 1276 392 sermonisque

269 401 476 448 Taesum
514 411 593 446 est.
631 417 762 447 nunc
802 402 1105 448 comissatum
1144 402 1228 448 ibo
1260 402 1322 448 ad
1345 398 1556 463 'Philola-

526 474 714 520 chetem
731 509 746 531 ‚

269 549 366 595 Ubi
393 565 479 596 nos
508 550 640 596 hilari
668 550 860 614 ingenio
887 561 934 596 et
962 549 1122 612 lepide
1153 549 1364 612 accipiet.

267 622 461 683 Ecquid
494 623 583 669 tibi
610 623 803 680 videor,
837 640 1076 681 mamma,
1107 622 1332 669 madere?

664 720 700 753 D
737 719 766 752 E
804 719 835 752 In
874 719 903 752 P
938 719 973 751 H
1008 720 1030 752 1
1066 719 1101 751 U
1138 721 1195 752 M.

737 792 745 796 ἢ
1367 768 1562 831 Semper

271 844 396 891 Istoc
433 843 584 891 modo
616 855 830 890 moratus
856 844 1016 891 vivere
1049 843 1266 890 debebas.

538 938 1327 974 CALLIDAMATES.

271 999 417 1048 Visne
445 1016 533 1065 ego
561 1011 639 1060 te,
675 1017 728 1047 ac
763 1010 867 1046 tute
902 1001 982 1046 me
1010 993 1332 1062 amplectare'?

665 1097 701 1130 D
734 1097 764 1129 E
801 1097 831 1130 L
866 1095 895 1128 P
932 1094 967 1128 H
1003 1095 1023 1127 1
1060 1093 1096 1127 U
1131 1094 1190 1127 Μ.

275 1155 324 1204 Si
351 1157 440 1204 tibi
461 1156 593 1204 cordi
624 1170 692 1203 est
721 1156 870 1203 facere
888 1192 902 1214 ‚
927 1156 1051 1202 licet.

510 1239 1327 1276 ‘CALLIDAMATEa

1078 1299 1259 1362 Lepida
1285 1316 1344 1346 es.

277 1367 417 1415 Duce
443 1385 524 1414 me
547 1368 734 1414 amabo.
1195 1378 1198 1380 ’

669 1455 706 1487 D
743 1453 773 1485 E
810 1451 840 1484 L
876 1452 903 1484 Ρ
941 1451 975 1484 Η
1011 1449 1031 1484 Ι
1068 1451 1104 1484 U
1141 1453 1197 1485 M.

766 1512 892 1559 Cave
925 1529 987 1559 ne
1016 1512 1146 1558 cadas
1167 1547 1180 1569 ,
1219 1522 1324 1556 asta.

545 1588 1335 1634 CALLIDAMATES.

284 1661 393 1708 Oh!
431 1664 605 1709 ocellus
638 1679 684 1708 es
718 1677 882 1719 meus,
910 1671 1021 1707 tuus
1051 1676 1157 1711 sum
1182 1658 1400 1703 alumnus
1419 1689 1433 1713 ,
1465 1654 1565 1702 mel

537 1751 718 1780 meum.

675 1822 712 1853 D
749 1821 778 1853 E
817 1821 848 1853 L
882 1820 910 1852 P
947 1819 982 1852 Η
1016 1821 1036 1853 1
1071 1819 1106 1851 U
1143 1818 1201 1851 M.

285 1879 409 1926 Cave
440 1881 619 1938 modo,
653 1895 714 1925 ne
746 1879 873 1940 prius
907 1879 957 1923 in
990 1879 1063 1924 via
1097 1877 1372 1934 accumbas,

285 1954 447 2023 Quam
478 1954 572 1999 illic
590 1987 605 2011 ,
629 1953 716 1999 ubi
738 1953 886 1998 lectus
914 1962 980 1997 est
1011 1962 1174 1997 stratus
1193 1985 1207 2008 ‚
1241 1950 1434 1996 coimuS.

549 2044 1338 2083 CALLIDAMATES.

288 2110 398 2156 Sine
418 2146 431 2169 ,
468 2111 566 2156 sine
588 2109 752 2156 cadere
778 2125 871 2155 me.

682 2196 718 2227 D
755 2193 785 2226 E
823 2193 853 2226 L
890 2192 918 2225 P
952 2190 987 2224 H
1021 2191 1042 2222 Ι
1078 2189 1114 2222 U
1149 2187 1205 2222 M.

452 2254 589 2301 Sino:
619 2255 701 2300 sed
726 2266 772 2300 et
795 2255 913 2310 hoc,
934 2250 1070 2313 quod
1095 2251 1213 2296 mihi
1236 2251 1286 2296 in
1310 2266 1456 2296 manu
1474 2259 1564 2296 est:

276 2328 339 2382 ‚Si
363 2328 524 2386 cadeS‚
555 2345 658 2374 non
693 2328 826 2374 cades
859 2326 978 2387 quin
1011 2323 1175 2370 cadam
1209 2334 1383 2368 tecum.

284 2401 488 2460 jacentis
517 2402 655 2447 tollet
679 2409 842 2462 postea
874 2411 961 2444 nos
984 2396 1149 2443 ambos
1178 2395 1358 2456 aliquis.
