1618 2866
88 192 214 240 nse
436 186 779 237 ACTUS
848 186 1007 232 111.
1299 199 1357 246 ῃ

40 288 44 291 ’
90 299 261 345 Eamus
279 312 411 345 nunc
428 296 553 342 intro
569 330 583 352 ,
602 289 659 341 ut
676 294 864 340 tabellas
883 293 1226 358 consignemus.

392 389 422 422 P
457 388 493 421 Η
527 388 562 421 A
596 387 627 420 Β
662 388 697 420 D
731 387 765 420 R
801 386 833 420 o
869 386 910 418 M
949 385 984 419 u
1021 385 1059 419 s.

1005 453 1137 501 Num
1165 454 1358 500 moror?

471 551 498 583 c
536 549 572 582 U
606 550 639 583 R
674 550 700 582 c
735 549 771 582 U
806 549 836 582 1.
871 549 893 582 1
930 549 977 582 ο.

95 618 258 680 Atque
287 618 468 680 aliquid
497 618 624 680 prius
652 617 960 668 obtrudamus
977 651 991 675 ,
1018 633 1214 679 pernam
1232 651 1247 674 ,
1282 633 1360 662 su⁴

305 716 312 722 ·
341 707 454 738 men
469 725 483 748 ,
503 689 747 755 glandium
767 709 776 734 ε
1396 700 1399 703 ·

0 799 9 812 ,1
89 764 220 811 Haec
231 774 342 810 sunt
356 763 509 810 venui
530 762 843 808 stabilimenta
859 795 873 820 ‚
892 777 1066 823 panem
1086 773 1133 808 et
1149 779 1241 808 assa
1262 762 1354 809 bu-

90 910 325 957 Poculum
335 838 539 975 ἓξὲξ.
581 911 687 956 auia
716 925 914 974 magna:
949 920 1005 955 ut
1034 909 1137 955 satis
1168 909 1359 955 consilia

340 994 607 1046 suppetant.

88 1051 218 1099 Tute
249 1054 439 1100 tabellas
466 1055 740 1118 consignato
762 1073 772 1099 :
804 1054 882 1099 hic
909 1053 1192 1100 ministrabit
1220 1072 1229 1097 ε
1267 1053 1358 1116 ego

89 1199 259 1248 Dicam
290 1129 705 1262 ςιξέῑῖἓὰωοᾱιιηι
739 1201 1009 1248 conscribas.
1048 1217 1244 1263 sequere
1276 1215 1358 1247 me

879 1273 967 1319 hac
996 1273 1136 1318 intro.

386 1364 1052 1399 PHAEDROMUS.

508 1416 510 1419 ’
1159 1415 1355 1477 Sequor.

367 1523 816 1584 ACTUS
902 1524 1087 1581 ΙΙΙ.

168 1660 417 1699 cho.
480 1661 975 1700 GURcULIO,
1031 1661 1286 1698 LENQ

588 1791 850 1825 LYcoa

87 1851 353 1966 BEATU
367 1929 390 1962 s
425 1916 619 1964 videor:
647 1917 859 1966 subduxi*
883 1919 1195 1964 ratiunculam
1214 1953 1228 1976 ‚

91 1986 339 2054 Quantum
360 1990 470 2035 aeris
491 1991 611 2036 mihi
633 1991 714 2048 sit,
733 2001 1070 2053 quantumque
1092 1992 1228 2038 alieni
1246 1993 1343 2039 siet.

91 2057 233 2104 Dives
253 2077 356 2107 sum
372 2096 387 2119 ,
414 2063 451 2108 si
477 2080 578 2109 non
611 2063 760 2109 reddo
786 2063 872 2120 eis,
901 2064 1075 2124 quibus
1104 2064 1283 2109 debeo:

93 2127 143 2174 Si
166 2131 311 2178 reddo
337 2134 453 2192 illis,
482 2135 656 2201 quibus
686 2135 866 2191 debeo,
896 2137 1002 2196 plus
1031 2136 1168 2181 alieni
1187 2137 1254 2181 ’st.

93 2198 271 2245 Verum
288 2235 302 2258 ‚
326 2203 479 2251 hercle
495 2240 509 2262 ‚
534 2223 649 2252 vero
676 2223 787 2252 curn
812 2206 938 2251 belle
963 2208 1170 2270 recogito
1185 2242 1198 2264 ‚

96 2270 145 2317 Si
170 2273 312 2336 magis
333 2292 411 2321 me
439 2277 702 2336 instabunt,
735 2279 796 2324 ad
819 2279 1085 2325 Praetorem
1106 2279 1334 2325 sufferam;

93 2343 286 2389 Habent
314 2346 442 2394 hunc
467 2365 651 2397 morem
677 2352 895 2413 plerique
924 2352 1188 2415 argentarii,

94 2413 160 2460 Ut
189 2415 302 2461 alius
329 2417 474 2464 aliurn
503 2434 723 2481 poscant,
750 2422 951 2469 reddant
975 2421 1194 2468 nemini-t·

1048 2494 1087 2539 C
1106 2510 1143 2554 3,
