1618 2866
223 170 287 219 66
575 168 1137 219 CURCULI'O.
1368 190 1496 238 ως,

527 286 1249 338 PHAEDROMUS„

221 364 494 414 Delicatum
529 374 577 409 te
614 361 760 409 hodie
790 360 958 423 faciam
985 378 1098 410 cum
1126 365 1295 412 catello
1325 375 1382 412 ut
1411 381 1488 412 ac-

477 435 620 482 cubes
638 469 653 493 ‚

218 509 387 556 Ferreo
417 525 506 574 ego
535 509 657 555 dico.

595 613 624 645 C
660 611 696 645 A
731 611 759 644 P
795 611 824 645 P
860 611 896 644 A
931 612 966 644 D
1005 612 1039 645 Ο
1074 611 1125 646 X.

545 684 610 733 At
631 701 720 751 ego
746 702 831 734 vos
861 685 1006 732 ambo
1028 686 1081 732 in
1102 686 1301 733 robusto
1325 699 1504 732 carcere

216 758 282 807 Ut
309 760 519 822 pereatis.

474 858 1260 897 THERAPONTIGONU&

375 932 573 978 Collum
597 932 861 997 obstringe,
881 931 1067 979 abduce
1090 931 1233 977 istum
1253 931 1304 976 in
1326 932 1499 985 malam

1167 1020 1370 1051 crucem.

530 1103 559 1137 P
596 1103 631 1136 H
667 1102 701 1137 A
737 1103 768 1137 E
805 1103 841 1136 D
879 1104 914 1137 R
949 1103 984 1137 Ο
1017 1102 1062 1136 M
1095 1102 1131 1136 U
1168 1102 1207 1139 8.

213 1176 383 1248 Quid?
412 1176 534 1240 quid
557 1178 659 1224 est?
691 1178 791 1239 ipse
817 1177 909 1224 ibit
932 1178 1107 1239 potius.

601 1277 628 1309 c
664 1276 700 1310 A
732 1276 763 1311 P
798 1277 828 1310 P
865 1277 900 1310 A
934 1278 972 1310 D
1010 1278 1043 1311 o
1079 1278 1130 1312 x.

525 1347 651 1392 Proh
679 1346 847 1392 Deum
872 1357 1019 1407 atque
1044 1347 1303 1394 hominum
1325 1345 1502 1396 fidem!

153 1472 164 1483 f
212 1419 430 1466 Hoccine
447 1430 590 1481 pacto
609 1417 945 1465 indemnatum
961 1430 1109 1480 atque
1122 1420 1400 1468 intestatum
1417 1439 1498 1469 me

464 1489 617 1551 abripi
638 1489 660 1535 Ρ

213 1563 427 1612 Obsecro
442 1597 458 1622 ‚
491 1562 787 1621 Planesium,
822 1573 872 1609 et
901 1574 977 1622 te,
1009 1563 1305 1612 Phaedrome
1320 1600 1334 1624 ,
1364 1566 1498 1612 auxi-

464 1637 588 1682 lium
613 1648 670 1683 ut
692 1636 820 1684 feras.

563 1738 1148 1774 PLANESIUM.

211 1814 394 1873 Frater,
433 1815 627 1861 obsecro
664 1827 739 1875 te,
774 1817 876 1864 noli
909 1817 1041 1864 hunc
1083 1815 1460 1864 condemnatum

468 1890 680 1951 perdere.

208 1959 336 2012 Bene
365 1974 413 2010 et
438 1963 619 2025 pudice
643 1980 721 2010 me
751 1962 884 2011 domi
913 1964 1096 2011 habuit.

456 2065 1237 2100 THERAPONTIGONUS.

858 2137 1005 2184 Haud
1031 2138 1279 2185 voluntate
1304 2137 1355 2184 id
1381 2154 1488 2185 sua:
1527 2133 1530 2135 ξ

208 2208 488 2274 Aesculapio
517 2212 631 2258 huic
660 2211 837 2258 habeto
855 2246 870 2268 ,
901 2227 1053 2272 quom
1081 2210 1257 2272 pudica
1287 2228 1358 2269 es,
1389 2228 1492 2276 gra·-

461 2287 594 2333 tiam.
974 2331 976 2333 .

166 2409 168 2411 .
207 2357 331 2406 Nam
359 2360 396 2406 si
429 2360 465 2406 is
495 2359 714 2406 valuisset
732 2393 746 2416 ,
773 2358 874 2422 jam
901 2356 1116 2420 pridem,
1148 2373 1353 2421 quoquo
1378 2358 1489 2420 posi

461 2442 561 2490 set,
592 2432 814 2479 mitteret.
