1618 2866
238 211 333 276 518
462 209 1254 260 MOSTELLARIA.
1353 210 1521 264 v.128

690 330 721 363 T
757 331 791 364 R
827 330 861 364 A
898 331 932 364 N
968 331 990 364 1
1029 332 1079 365 0.
1132 322 1136 324 ’

239 397 359 446 Ecce
385 404 547 441 autern
577 393 719 455 perii!

535 485 1256 521 THEUROPIDES.

741 548 933 597 Dicisne
961 550 1081 607 hoc,
1115 548 1252 610 quod
1287 559 1334 595 te
1365 550 1519 614 rogo?

697 646 726 679 Τ
764 647 797 679 R
832 644 867 678 A
903 646 936 678 Ν
972 645 991 677 1
1014 644 1081 688 ¹0.

246 707 440 758 Dicam:
466 705 548 752 sed
573 722 755 772 nomen
788 704 974 750 domini
1008 709 1182 765 quaero'
1207 703 1328 766 quid
1356 704 1454 751 siet.

544 798 1263 833 THEUROPIDES.

246 863 378 928 Age,
413 861 750 909 conminiscere
783 878 906 925 ergo.

701 955 732 988 Τ
769 956 802 989 R
840 955 875 987 A
911 955 944 988 N
981 954 1002 986 Ι
1041 953 1090 986 ο.

911 1012 1049 1083 Quid
1082 1030 1169 1079 ego
1204 1027 1334 1060 nunc
1365 1011 1533 1076 agam?

250 1087 369 1146 Nisi,
385 1099 440 1134 ut
458 1088 507 1134 in
519 1088 733 1134 vicinum
750 1088 881 1134 hunc
894 1103 1192 1149 proxumum
1209 1084 1532 1143 mendacium,

251 1164 338 1212 Eas
370 1162 530 1209 emisse
561 1161 684 1207 aedis
710 1162 851 1224 hujus
879 1161 1032 1206 dicam
1068 1159 1236 1205 filium.

252 1235 475 1294 Calidum
490 1236 643 1281 hercle
658 1233 817 1281 audivi
833 1250 924 1280 esse
940 1245 1200 1294 optumum
1213 1231 1535 1278 mendacium.

253 1308 515 1375 Quidquid
548 1307 640 1352 Dei
666 1306 860 1363 dicunt,
896 1306 946 1351 id
972 1316 1157 1351 rectum
1175 1306 1242 1350 'st'
1259 1304 1427 1350 dicere.

550 1395 1268 1457 TH‘EUROPIDES.

256 1470 394 1540 Quid
423 1469 597 1534 igitur?
616 1469 716 1532 jam
745 1477 1009 1528 conmentu
1028 1465 1097 1510 ’si’

711 1563 743 1596 T
778 1563 812 1596 R
846 1562 882 1595 A
918 1562 948 1594 N
985 1560 1005 1592 Ῑ
1042 1560 1095 1592 Ο.

1008 1618 1089 1665 Dii
1109 1619 1261 1668 ‘istum
1287 1619 1538 1681 perduint!

264 1696 423 1742 Immo
451 1695 606 1740 istunc
637 1693 810 1755 potiuS.
846 1691 905 1737 de
936 1692 1094 1739 vicino
1122 1691 1212 1738 hoc
1247 1707 1494 1753 proxumo*

263 1768 399 1819 *Tuus
427 1769 544 1814 emit
571 1767 695 1813 aedis
726 1766 860 1812 filius.

556 1856 1270 1891 THEUROPIDES.

882 1917 1226 1964 Bonan'fide?

719 2006 1101 2045 TRANIO.

271 2073 522 2137 Siquidem
552 2090 597 2120 es
624 2084 871 2139 argentum
897 2073 1162 2121 redditurus
1179 2108 1192 2130 ,
1222 2084 1330 2121 tum
1356 2073 1510 2120 bona:

269 2149 319 2195 Si
346 2147 614 2196 redditurus
638 2162 740 2194 non
772 2163 842 2204 es,
872 2161 972 2193 non
1003 2146 1117 2191 emit
1148 2145 1290 2192 bona.

564 2247 1279 2283 THEUROPIDES,

272 2308 385 2358 Non
407 2312 458 2357 in
479 2312 587 2358 loco
618 2312 732 2357 emit
756 2310 972 2374 perbono
1005 2310 1095 2356 has.

728 2405 759 2438 Τ
795 2406 828 2439 R
863 2405 897 2437 A
932 2404 965 2437 N
999 2404 1019 2437 1
1057 2405 1104 2438 o.

1134 2456 1293 2502 Immo
1331 2462 1547 2514 optumo.
