1618 2866
118 181 248 229 *59
361 137 661 213 ‘ACTUS
712 164 790 212 ΙΙ.
839 164 942 213 SC.
991 166 1111 214 ΙΙΙ.
1283 153 1402 234 ’273

536 284 573 316 D
609 283 639 316 E
677 284 719 317 M
755 283 777 316 I
814 283 844 317 P
878 283 912 317 H
951 283 1001 317 Ο.

121 344 243 392 Mihi
264 342 464 425 quidem
482 342 655 405 edepol
671 344 766 389 visa
784 355 851 390 est
866 377 881 401 ‚
898 354 1052 405 quom
1068 343 1198 390 illam
1213 344 1328 392 vidi.

514 442 542 474 c
582 441 617 474 Η
652 441 688 474 A
724 440 759 474 R
794 440 815 473 1
850 440 884 473 N
919 439 955 472 U
992 440 1032 473 s.

791 500 926 557 Eho,
951 516 1013 546 an
1035 498 1218 559 vidisti,
1239 500 1407 563 patet?

542 598 578 631 D
612 597 643 630 Ε
678 598 721 630 Μ
756 597 777 630 1
816 597 845 630 P
879 596 914 629 Η
950 597 998 630 ο.

128 657 267 709 vidi:
293 674 461 705 verum
485 673 587 703 non
615 672 677 703 ex
693 673 784 703 usu
806 668 969 704 nostro
987 658 1042 704 'st
1057 692 1072 715 ,
1099 673 1262 718 neque
1283 656 1407 706 adeo

382 732 550 793 placet.

517 824 544 857 c
581 823 618 857 Η
650 825 686 858 A
720 824 754 857 R
791 825 812 857 1
846 826 880 858 N
915 824 952 858 U
989 823 1029 860 S.

128 879 232 948 Qui
258 876 407 925 vero?

549 961 586 994 D
623 962 653 994 Ε
690 963 733 996 Μ
767 962 789 994 1
823 962 852 995 P
888 962 924 995 Η
959 962 1007 996 ο.

207 1025 336 1095 Quia
351 1040 452 1070 non
469 1035 624 1069 nostra
642 1022 842 1068 formam
865 1023 1009 1069 habet
1031 1023 1224 1087 dignam
1242 1023 1408 1070 domo.

132 1098 264 1144 Nihil
298 1114 418 1159 opus
444 1097 583 1142 nobis
605 1096 797 1154 ancilla,
823 1095 911 1141 nisi
942 1113 1065 1157 quae
1093 1108 1222 1143 texat
1238 1131 1253 1154 ,
1284 1113 1408 1158 quae

384 1172 533 1216 molat
547 1205 561 1227 ,

134 1244 346 1309 Lignum
383 1243 546 1290 caedat
564 1277 578 1299 ‚
615 1258 821 1304 pensum
858 1241 1024 1301 faciat,
1067 1243 1191 1290 aedis
1228 1255 1381 1291 verrat
1394 1279 1413 1304 ,

386 1318 608 1379 vapulet;

135 1391 375 1460 Quaeque
421 1388 592 1434 habeat
636 1386 932 1434 cotidianum
974 1387 1175 1435 familiae
1215 1401 1414 1437 coctum

389 1462 566 1509 cibum.

138 1535 340 1582 Horunc
378 1534 456 1579 illa
494 1531 701 1583 nihilum
742 1529 1013 1591 quidquam
1047 1529 1216 1575 facere.
1237 1530 1415 1590 poterit

394 1603 675 1651 admodum.

524 1703 551 1735 C
589 1702 624 1734 H
658 1700 692 1733 A
726 1701 761 1734 R
794 1701 816 1734 I
849 1701 883 1734 N
919 1699 955 1732 U
991 1697 1029 1731 S.

138 1768 206 1814 Ea
229 1783 382 1813 caussa
410 1763 639 1825 equidem
668 1763 797 1807 illam
830 1760 926 1807 emi
944 1795 959 1818 ‚
996 1760 1128 1805 dono
1159 1773 1309 1820 quam
1334 1756 1414 1803 da-

390 1854 492 1884 rem
522 1836 661 1882 matri
684 1851 832 1881 meae.

553 1935 590 1967 D
624 1934 655 1966 Ε
692 1932 735 1965 M
771 1931 791 1963 1
828 1930 855 1962 P
892 1928 927 1961 Η
963 1928 1012 1960 ο.

145 1995 219 2041 Ne
247 1996 349 2042 duis
365 2029 380 2054 ‚
409 2010 507 2042 neu
533 2006 583 2040 te
606 1991 845 2040 advexisse
868 1989 1049 2034 dixeris.

526 2086 1035 2125 CHARINUS.

946 2145 1031 2191 Dii
1058 2159 1138 2189 me
1158 2143 1417 2208 adjuvant!

548 2245 1008 2282 DEMIPHO.

150 2307 403 2357 Labefacto
429 2309 669 2367 paulatim.
707 2323 877 2355 verum
915 2302 1054 2367 quod
1091 2300 1320 2365 praeterii·
1347 2298 1421 2344 di«

407 2396 509 2426 cere
524 2413 541 2438 ‚

221 2456 313 2505 Vol.
347 2454 413 2500 ΙΙ.
441 2449 461 2459 ‘
1139 2443 1171 2490 S
