1618 2866
43 149 173 200 v-53
349 136 641 186 ACTUS
691 138 729 184 Ι.
781 135 886 185 SC.
936 138 1055 186 ΙΙΙ.
1112 152 1115 154 ’
1234 141 1331 199 481

499 252 523 285 S
560 255 589 287 C
628 255 662 288 A
698 255 726 288 P
762 255 798 290 H
831 256 881 290 A.

949 309 1116 357 Libera
1142 328 1189 358 es
1210 312 1330 396 jam.

46 383 127 430 Tu
148 383 249 447 jam
267 417 282 440 ‚
317 381 454 444 quod
491 382 774 443 quaerebas,
813 382 984 429 habes:
1026 383 1135 440 ille,
1164 395 1214 431 te
1242 383 1331 431 nisi

303 455 482 501 amabit
511 456 635 500 ultro
655 489 669 512 ,

46 526 135 584 Id,
162 544 251 589 pro
283 528 435 588 capite
465 539 552 573 tuo
585 526 721 588 quod
752 526 913 585 dedit,
943 528 1203 590 perdiderit
1227 539 1334 576 tan-

306 611 413 647 tum
440 600 632 664 argenti.

340 693 1045 729 PHILOLACHES.

50 753 172 799 Perii
197 753 382 812 hercle,
407 753 460 827 ni
482 769 572 817 ego
588 753 720 803 illam
741 754 967 814 pessumis
992 754 1220 816 exemplis
1237 757 1334 801 eni-

301 839 438 869 casso.

50 895 138 953 Illa
150 895 271 956 lianc
285 895 561 956 conrumpit
575 896 825 941 mulierem
841 897 1107 943 malesuada
1124 898 1334 946 vitilena.

326 986 1059 1021 PHILEMATIUM.

52 1045 334 1108 Numquam
364 1061 453 1108 ego
482 1044 551 1089 illi
586 1062 780 1106 possum
812 1035 1007 1109 gratiam
1047 1047 1215 1095 referre
1228 1084 1243 1106 ,
1279 1061 1335 1097 ut

305 1117 479 1162 meritu
494 1117 550 1161 ’st
583 1117 644 1162 de
670 1134 763 1164 me.

55 1188 264 1251 Scapha,
292 1188 343 1233 id
368 1200 425 1234 tu
447 1189 567 1233 mihi
598 1205 662 1234 ne
690 1189 879 1235 suadeas
895 1224 909 1246 ‚
938 1200 992 1234 ut
1018 1190 1157 1237 illum
1179 1192 1337 1239 mino*

139 1256 142 1259 “
312 1260 371 1306 ris
394 1261 617 1322 pendam.

509 1347 531 1379 s
552 1338 594 1380 ‘c
630 1347 665 1380 A
699 1347 727 1380 P
765 1347 799 1379 H
836 1347 887 1380 A.

58 1410 124 1457 At
153 1410 247 1456 hoc
276 1425 432 1474 unum
454 1408 595 1455 facito
625 1409 827 1473 cogiteS,
858 1408 895 1453 si
921 1408 1069 1460 illum⁴
1091 1409 1337 1458 inservibis

312 1476 502 1540 solum,

58 1556 193 1605 Dum
213 1557 305 1604 tibi
322 1573 453 1603 nunc
466 1556 589 1602 'haec
611 1555 812 1601 aetatula
831 1556 911 1613 ’st,
933 1556 983 1601 in
1009 1568 1195 1602 senecta
1212 1558 1335 1603 male

310 1647 519 1692 querere.

348 1717 376 1748 P
414 1717 448 1749 Η
485 1716 504 1748 1
542 1716 573 1748 L
611 1715 643 1747 o
680 1715 709 1748 Ι.
746 1715 782 1747 A
817 1716 844 1748 c
882 1715 915 1747 Η
951 1716 981 1748 Ε
1020 1715 1057 1749 s.

62 1778 122 1824 In
152 1778 369 1861 anginam
403 1794 490 1841 ego
527 1792 657 1822 nunc
694 1793 772 1821 me
804 1777 951 1822 velim
980 1778 1135 1834 vorti,
1173 1789 1228 1824 ut
1253 1794 1335 1825 ve-

316 1851 493 1896 neficae
515 1850 583 1894 illi

64 1921 235 1969 Fauces
259 1922 579 1984 prehendam,
603 1933 749 1982 atque
780 1921 963 1968 enicem
993 1923 1232 1970 scelestam
1262 1923 1340 1972 sti-

245 2049 269 2057 ,
313 1995 620 2041 mulatricem.

352 2077 1124 2112 PHILEMATIUM.·

67 2135 306 2184 Eumdem
333 2139 545 2189 animum
578 2151 767 2200 oportet
801 2154 931 2184 nunc
964 2138 1086 2183 mihi
1118 2154 1211 2184 esse
1239 2155 1339 2204 gra-

318 2220 450 2267 tum,
477 2223 532 2256 ut
560 2212 818 2273 inpetravi,

69 2282 231 2343 Atque
271 2281 387 2326 olim
403 2315 419 2338 ‚
454 2283 731 2345 priusquam
764 2285 815 2330 id
848 2284 1041 2342 extudi,
1083 2302 1237 2346 quom
1276 2286 1343 2334 illi

327 2351 700 2403 subblandiebar.

140 2424 230 2472 Vol.
262 2425 328 2470 ΙΙ.
1036 2427 1130 2471 Hh
