1618 2866
180 119 271 191 &8
437 115 1202 165 ARGUMENTUM

182 234 434 307 Φάσματος
458 240 711 288 Menandri:
734 238 810 297 secl
836 249 879 284 et
900 238 1054 284 Plauti
1085 232 1281 286 Phasma
1305 257 1461 287 memo-

181 330 337 362 ratur:
366 314 476 378 quod
500 329 644 359 nomen
676 324 718 356 et
747 314 883 375 ipsum
916 313 1098 356 monstri
1114 313 1223 358 -talis
1249 313 1373 359 habet
1400 316 1461 359 si-

177 390 513 451 gnificationem.
546 383 628 430 Est
651 396 794 429 autem
825 394 1092 429 monstrum
1112 417 1126 441 ‚
1158 387 1458 442 mostellum:

178 461 318 506 sicut,
357 467 556 501 castrum
579 489 592 512 ,
631 455 901 505 castellum3
935 457 978 499 in
1001 456 1319 519 pronuntiando
1348 473 1384 502 n
1409 457 1469 503 li-'

175 542 269 574 tera
308 529 569 590 liquescente.
604 527 737 589 Inque
771 527 849 572 lzac
888 544 983 573 sene
1013 529 1193 591 quodam
1226 541 1460 575 mercatore

177 603 345 647 absente
361 637 373 649 ,
396 601 527 664 filius
554 600 671 644 illius
692 600 938 663 implicatur
964 601 1183 647 libidinoso
1202 614 1244 647 et
1272 615 1462 648 sumtuo-

174 693 219 721 so
246 675 467 720 sodalitio.-
497 685 540 719 et
558 675 741 718 amicam
767 673 939 718 redimit
957 677 1143 735 triginta
1158 679 1310 722 minis:
1331 694 1460 740 quam

166 749 421 814 pecuniam,
452 758 493 790 et
521 747 691 809 insuper
726 746 769 789 in
796 757 983 790 sumtum
1018 747 1157 792 decem
1187 750 1353 797 minas,
1379 747 1459 812 fe·-

173 837 275 866 nore
296 832 506 866 sumserat
534 817 797 875 aDanista,
820 820 939 864 mina
964 836 1051 864 una
1077 822 1121 865 in
1150 820 1301 865 decem.
1329 821 1460 867 Redit

177 894 347 940 tandem
385 911 512 938 senex
546 903 657 972 post·
693 892 963 939 triennium,
1005 909 1100 937 cum
1129 892 1254 956 forte
1286 895 1458 957 potatio

174 978 282 1010 esset
304 967 347 1011 in
383 958 552 1009 aedibus
577 965 734 1026 ipsius.-
761 979 904 1009 servus
931 975 1096 1012 autem.
1128 967 1200 1027 qui
1226 965 1301 1010 lzoc
1326 967 1457 1010 resci-

173 1050 317 1086 verat,
348 1054 443 1082 cum
471 1038 513 1081 in
531 1035 735 1080 Piraeum
762 1037 933 1081 abiisset
948 1038 1134 1100 piscium
1164 1054 1343 1085 caussa,
1362 1049 1456 1083 sta-

178 1113 255 1156 tim
277 1110 403 1155 herili
415 1109 520 1173 filio
555 1108 759 1153 indicium
776 1108 912 1172 facit.
947 1108 1034 1153 Sed
1061 1121 1155 1154 erat
1180 1127 1290 1155 unus
1317 1111 1361 1154 in
1387 1125 1458 1154 so-

173 1184 356 1228 dalitate
384 1182 549 1229 ebrius,
583 1183 656 1244 qui
681 1181 890 1226 discedere
920 1198 999 1226 non
1022 1182 1198 1228 volebat.
1223 1181 1293 1228 Ne
1319 1183 1457 1243 igitur
1517 1236 1520 1238 v

172 1259 286 1301 inter
319 1255 463 1299 turbas
491 1270 618 1298 senex
648 1256 959 1316 superveniret,
992 1256 1108 1317 capit
1125 1254 1203 1304 lzoc
1235 1254 1456 1299 consilium

172 1328 393 1374 servulus.-
439 1326 624 1370 occludit
650 1325 773 1388 foris
811 1326 963 1378 aedes„
1001 1338 1043 1370 et
1076 1327 1238 1373 obviam
1264 1327 1456 1391 procedit

174 1402 297 1448 seni,
335 1411 376 1443 et
403 1397 635 1462 persuadet
666 1399 736 1444 ei,
774 1398 894 1441 aedes
929 1414 1013 1441 esse
1049 1397 1230 1460 infestas
1255 1401 1456 1444 monstris

177 1485 455 1519 mortuorum.
491 1470 550 1516 Et
575 1487 669 1514 cum
698 1469 893 1515 Danista
925 1470 1106 1515 debitam
1126 1474 1353 1533 pecuniam
1375 1487 1455 1534 pe-

177 1558 309 1594 teret‚
349 1548 413 1590 ait
444 1545 565 1589 illam
598 1543 829 1590 arrhaboni
860 1543 1005 1588 datam
1038 1545 1201 1590 vicino,
1229 1546 1349 1608 cujus
1379 1543 1453 1586 do-

171 1638 287 1665 mum
306 1620 437 1682 filius
471 1619 630 1663 emerit.
674 1617 762 1662 Sed
793 1634 891 1661 mox
929 1617 977 1660 de
1017 1618 1147 1663 servis
1179 1616 1453 1662 adversitori-

174 1691 248 1735 bus
283 1703 325 1734 et
351 1691 503 1735 vicinis
535 1706 622 1733 rem
658 1706 818 1733 omnem
849 1705 975 1733 senex
1010 1690 1247 1749 cognoscit,
1285 1698 1327 1732 et
1358 1688 1451 1731 ira-

171 1777 241 1810 tus
273 1780 323 1810 ac
349 1755 543 1826 inprimis
574 1762 716 1806 dolens
747 1779 789 1806 se
826 1762 885 1806 ad
918 1762 1041 1806 illum
1074 1762 1241 1806 modum
1270 1759 1451 1804 ludibrio

171 1855 199 1884 a
227 1852 342 1881 servo
361 1834 506 1897 fuisse
539 1833 757 1878 habitum:
784 1833 958 1878 ‘tandem
988 1851 1014 1876 a
1043 1834 1354 1896 superveniente
1383 1847 1450 1876 so·-

169 1910 262 1955 dali
276 1909 375 1971 filii
404 1918 635 1954 exoratur,
668 1918 717 1952 ut
747 1906 902 1968 etfilio
927 1907 1092 1951 veniam
1124 1905 1219 1952 det,
1254 1906 1449 1965 et'igno-

167 1992 264 2026 scat
287 1996 417 2025 servo.
445 1977 747 2041 Haec'fabula
780 1994 858 2023 non
878 1977 1012 2022 solum
1033 1977 1224 2021 mendose
1251 1976 1364 2021 edita
1385 1988 1447 2021 est

159 2055 364 2118 plurimis
402 2054 445 2096 in
490 2052 621 2099 locis,
663 2050 1008 2114 quemadmodum
1045 2061 1086 2094 et
1126 2050 1236 2094 aliae
1274 2066 1445 2094 omnes:

165 2124 244 2169 sed
263 2124 478 2187 dissipatis
501 2125 630 2168 etiam
656 2123 864 2170 versibus
893 2134 934 2166 et
962 2122 1179 2167 distractis
1202 2123 1376 2171 Scenis,
1397 2134 1446 2168 ut

166 2194 319 2242 saltem
346 2197 388 2239 in
409 2196 653 2258 reponendis
670 2196 923 2257 quibusque
907 2212 950 2240 zn
974 2212 1096 2241 suum
1124 2196 1258 2241 locum
1277 2212 1443 2277 operam

165 2285 344 2316 navasse
373 2268 508 2315 videri
537 2268 769 2314 debeamus

571 2386 1039 2400 *ψ-
