1618 2866
99 231 227 279 v.3o
354 215 685 264 .ACTUS
742 216 778 261 1.
835 214 941 263 SC.
988 216 1064 262 ΙΙ.
1317 219 1375 278 89

488 341 520 375 E
555 340 583 374 P
620 342 640 374 1
678 342 714 374 D
748 341 768 373 1
804 342 832 374 C
865 341 901 374 U
937 341 975 375 S.

890 408 1015 455 Nam
1045 410 1131 470 qui
1157 409 1375 471 perdidi?

316 511 1151 547 STRATIPPOCLES.

105 583 235 654 Quia
257 597 367 627 meo
394 597 555 641 neque
582 564 682 626 cara
713 581 769 625 'st
799 581 964 636 cordi,
994 586 1155 640 neque
1181 581 1348 642 placet.

488 695 519 728 E
553 695 582 728 P
618 695 640 728 I
675 696 711 729 D
745 696 766 728 1
801 695 829 727 C
865 694 900 727 U
937 694 976 728 S.

1031 753 1188 823 Quid
1216 750 1377 798 retulit

105 827 226 876 Mihi
261 837 506 890 tantopere
536 839 584 874 te
619 827 869 885 mandare,
907 837 954 873 et
985 826 1173 873 mittere
1208 825 1269 872 ad
1297 841 1375 870 me

360 900 605 963 epistolas?

315 1015 1151 1050 STRATIPPOCLES.

104 1076 240 1121 Illam
266 1075 482 1121 amabam
506 1076 653 1131 olim,
684 1090 814 1120 nunc
833 1076 933 1139 jam
958 1075 1044 1119 alia
1061 1089 1170 1119 cura
1200 1073 1371 1133 inpen-

360 1147 442 1193 det
467 1146 660 1207 pectori.

488 1267 981 1300 EPIDICUS.

1249 1312 1267 1328 δ

106 1338 276 1385 Hercle
292 1339 513 1386 miserum
532 1342 585 1386 ’st
597 1375 611 1397 ‚
628 1342 864 1406 ingratum
886 1360 979 1391 esse
1003 1345 1052 1390 id
1075 1360 1220 1391 omne
1238 1343 1373 1404 quod

353 1413 487 1459 facias
511 1414 649 1460 bene.

106 1483 207 1548 Ego
230 1484 365 1545 quod
390 1485 629 1545 benefeci,
657 1488 895 1534 malefeci:
928 1490 1039 1550 quia
1064 1506 1196 1535 311101
1222 1501 1388 1536 muta-⁷
1419 1496 1422 1498 ’

353 1558 423 1603 vit
445 1559 621 1606 locum.

324 1671 1188 1710 STRATIPPocLES.·

109 1733 412 1802 Desipiebam
441 1739 612 1785 mentis
626 1775 641 1797 ,
669 1757 781 1787 cum
801 1741 898 1788 illas
924 1742 1110 1789 scribtas
1125 1741 1374 1788 mittebam

352 1809 454 1856 tibi.
968 1867 971 1869 ,

489 1906 520 1938 Ε
557 1907 587 1940 P
620 1908 641 1940 1
676 1909 712 1941 D
748 1910 770 1942 1
805 1910 832 1942 c
870 1909 905 1941 U
941 1909 980 1943 s.

106 1966 232 2014 Men’
246 1971 528 2031 piacularem
542 1989 731 2038 oportet
747 1978 848 2024 fieri
866 1980 931 2026 ob
947 1981 1194 2027 stultitiam
1206 1981 1373 2027 tuam?

47 2062 53 2065 κ
107 2036 173 2084 Ut
188 2057 350 2090 meum
374 2056 561 2109 tergum
592 2051 815 2098 stultitiae
838 2064 947 2100 tuae
975 2054 1146 2101 subdas
1169 2052 1372 2101 succida-

355 2131 532 2164 neum.
521 2119 543 2151 Ρ

382 2214 1084 2258 CHAERIBULUS.

112 2280 287 2350 Quid
276 2286 375 2332 istic
408 2292 550 2338 verba
583 2293 812 2341 facimus?
853 2297 965 2343 huic
997 2298 1181 2344 homini
1218 2300 1373 2360 opu’st

360 2362 662 2426 quadraginta
688 2367 827 2413 minis

111 2425 333 2474 Celeriter
366 2432 519 2478 calidis
537 2435 786 2492 ‚Danistae
808 2457 922 2500 quas
949 2443 1174 2499 resolvat,
1200 2451 1247 2486 et
1264 2440 1372 2485 cito.
