1618 2866
235 204 328 266 356
457 197 716 247 MILES
754 196 1260 271 GLORIOSUS.
1360 213 1515 246 v.101

562 319 589 352 P
631 318 667 352 A
701 319 732 352 L
766 317 802 351 A
835 317 867 351 E
905 317 927 350 S
964 317 996 350 T
1031 317 1064 352 R
1098 318 1121 351 Ι
1157 319 1209 352 0.

320 385 454 429 Intro
477 381 555 427 abi
574 397 684 444 ergo
701 415 716 438 ‚
738 391 786 426 et
802 379 838 425 si
855 379 956 425 istic
974 389 1041 424 est
1062 379 1259 439 mulier,
1282 396 1384 427 eam
1396 380 1519 444 jube

237 459 347 505 Cito
385 457 594 503 domum
629 455 820 500 transire
840 487 856 512 ,
891 464 1040 514 atque
1068 453 1185 500 haec
1215 454 1260 500 ei
1282 465 1518 500 monstra:

484 528 732 591 praecipe,
1024 567 1031 575 .

232 605 299 652 Ut
322 615 482 651 teneat
512 601 704 648 consilia
727 611 884 648 nostra
899 635 913 660 ,
936 595 1356 663 quemadmodum
1381 610 1517 642 exor-

501 676 538 721 si
568 691 730 721 sumus

222 752 302 801 De
331 750 519 816 gemina
554 763 725 794 sorore.

402 838 1389 879 PERIPLECTOMENES.

596 901 755 948 Docte
780 901 871 947 tibi
900 900 1031 947 illam
1061 898 1342 963 perdoctam
1372 898 1513 947 dabo.

229 976 493 1038 Numquid
516 975 679 1022 aliud?

547 1063 575 1095 P
614 1062 647 1095 A
684 1062 716 1095 I..
754 1062 789 1094 A
823 1061 853 1094 E
891 1059 913 1094 S
951 1060 982 1093 T
1018 1061 1052 1095 R
1086 1061 1108 1094 1
1143 1060 1192 1094 Ο.

363 1124 497 1170 Intro
523 1134 579 1169 ut
606 1123 755 1168 abeas.

393 1213 1376 1253 PERIPLECTOMENES.

682 1277 834 1322 Abeo.

541 1362 569 1394 P
613 1361 645 1394 A
680 1362 711 1394 L
747 1362 783 1394 A
817 1362 848 1394 Ε
886 1360 907 1394 s
945 1361 977 1393 T
1013 1361 1046 1393 R
1082 1360 1104 1392 1
1143 1359 1191 1393 o.

750 1421 813 1466 Et
837 1419 1038 1480 quidem
1061 1436 1149 1483 ego
1171 1419 1253 1466 ibo
1280 1417 1486 1465 domum
1502 1452 1519 1478 ,

229 1497 393 1560 Atque
420 1494 672 1542 hominem
706 1493 1034 1556 investigando
1067 1509 1253 1539 sumam
1290 1509 1517 1555 operam,

484 1569 611 1614 hinc'
625 1567 978 1613 dissimulavero
995 1600 1009 1622 ‚

228 1645 334 1715 Qui
358 1642 500 1689 fuerit
527 1656 802 1698 conservos,
836 1639 923 1700 qui
954 1637 1100 1683 hodie
1122 1636 1207 1683 siet
1234 1638 1516 1684 sectatus-si-

483 1732 644 1761 m1am.

232 1789 359 1837 Nam
378 1789 458 1834 ille
474 1803 577 1833 non
602 1786 765 1848 potuit
781 1820 795 1844 ‚
819 1786 939 1848 quin
963 1785 1168 1832 sermoni
1193 1801 1280 1832 suo
1304 1785 1517 1848 aliquem

486 1860 787 1905 familiarium

232 1933 600 1994 Participaverit*
623 1932 683 1977 de
717 1931 868 1978 amica
898 1932 1026 1990 heri,
1057 1948 1152 1977 sese
1184 1930 1350 1978 vidisse
1379 1948 1485 1979 eam

229 2006 324 2053 Hic
357 2006 408 2051 in
445 2020 686 2067 proxumo
724 2005 1017 2051 osculantem
1057 2021 1169 2050 cum
1205 2005 1361 2051 alieno
1394 2005 1516 2052 adu-

490 2079 764 2124 lescentulo.
1478 2130 1499 2144 ,

229 2153 357 2199 Novi
374 2168 559 2198 morem
578 2167 686 2214 ego:
714 2162 760 2196 et
778 2161 931 2197 tacere
956 2162 1228 2197 nostrorum
1255 2152 1381 2197 solus
1402 2149 1512 2196 scio.

229 2226 282 2273 Si
306 2225 501 2272 invenio
530 2223 618 2284 qui
643 2223 790 2281 vidit,
820 2224 881 2269 ad
904 2241 1017 2270 eum
1045 2226 1201 2271 vineas
1223 2218 1514 2287 pluteosque

486 2315 634 2363 agam.

229 2373 321 2424 Res
346 2384 504 2436 parata
520 2374 601 2430 ’st,
631 2373 680 2419 vi
698 2372 1061 2438 pugnandoque
1082 2374 1333 2422 hominem
1349 2386 1513 2434 capere

486 2459 610 2496 certa
636 2463 687 2494 re
706 2448 773 2495 'st.
