1618 2866
104 155 241 217 '0⁶8'
377 150 666 204 'ACTUS
716 151 775 200 V.
825 150 932 199 SC.
983 151 1087 200 IV.
1279 165 1382 216 ’323

472 272 995 307 1:111·chth-

114 333 218 403 Qui
249 332 382 381 bono
426 345 537 380 sunt
574 349 745 398 genere
781 333 879 379 nati
900 367 916 391 ,
960 334 998 379 si
1039 343 1148 379 sunt
1186 333 1382 399 ingenio

364 405 490 450 malo
504 439 520 462 ,

111 474 293 539 Suopte
329 478 523 538 culpam
559 477 719 540 generi
746 477 942 539 capiunt
964 511 978 534 ‚
1011 493 1158 542 genus
1192 476 1387 540 ingenio

359 547 630 609 inprobant.

298 616 306 622 ⁸
512 642 550 675 1)
585 641 615 673 E
652 640 696 674 M
728 642 750 675 1
788 641 817 674 P
854 641 888 674 H
924 642 972 675 0.

113 701 293 751 Verum
318 704 432 751 dicit
452 703 543 750 hic.

429 796 460 828 1,
496 795 531 827 Y
567 794 589 828 s
623 795 647 827 1
680 795 724 828 M
758 794 794 827 A
828 794 855 827 c
892 794 928 829 n
964 795 999 827 U
1037 795 1076 829 s.

396 854 511 900 Tibi
535 871 646 919 ergo
675 853 803 900 dicit.

478 939 509 971 Ε
547 938 582 971 U
618 939 650 971 Τ
686 939 720 970 Y
756 938 783 969 c
821 938 855 969 Η
892 937 927 970 U
964 938 1004 970 s.

701 999 773 1044 Eo
806 997 933 1043 illud
959 1013 1128 1044 verum
1144 999 1200 1043 ’st
1230 999 1388 1062 magis.

118 1069 242 1117 Nam
264 1081 312 1117 te
333 1072 442 1117 istac
461 1082 610 1117 aetate
626 1070 758 1117 haud
775 1086 984 1130 aequom
1002 1069 1152 1117 fuerat
1179 1071 1278 1116 filio
1298 1083 1387 1117 tuo

114 1141 418 1189 Adulescenti
447 1145 620 1190 amanti
648 1144 846 1191 amicam
872 1154 1051 1189 emtam
1081 1155 1275 1208 argento
1302 1144 1388 1190 eri-

360 1229 473 1275 pere
504 1231 604 1261 suo.

512 1302 549 1334 D
584 1302 617 1335 Ε
652 1301 697 1334 Μ
729 1301 753 1334 1
789 1301 817 1334 P
858 1301 892 1333 Η
931 1302 981 1334 ο.

80 1359 255 1429 ‘Quid
275 1370 330 1406 tu
351 1361 444 1408 ais?
470 1361 657 1408 Charini
685 1362 833 1408 amica
845 1362 903 1408 ’st
921 1362 1036 1408 illa?

496 1447 529 1480 Ε
564 1447 600 1480 U
636 1447 668 1480 Τ
702 1447 737 1480 Y
772 1447 799 1479 c
836 1447 870 1480 Η
907 1447 942 1479 U
981 1446 1019 1480 s.

831 1506 1176 1554 Utdissimulat
1207 1507 1384 1553 malus!

522 1593 558 1625 D
592 1592 623 1625 Ε
659 1592 703 1625 Μ
738 1591 760 1623 1
797 1592 825 1623 P
864 1591 899 1623 H
937 1592 987 1624 0.
1229 1567 1233 1571 ’

111 1636 203 1699 ‘Ille
242 1653 445 1714 quidem
478 1653 608 1699 issam
650 1669 744 1699 sese
782 1651 1001 1698 ancillam
1041 1651 1180 1698 matri
1224 1651 1388 1711 emisse

366 1726 561 1772 dixerat.

498 1812 529 1844 E
566 1811 601 1843 U
636 1811 668 1844 T
703 1811 739 1844 Y
774 1812 801 1844 C
838 1811 874 1844 H
909 1811 945 1843 U
982 1810 1020 1844 S·

115 1868 361 1932 Propterea
385 1872 525 1935 igitur
546 1883 601 1918 tu
623 1883 852 1918 mercatus
865 1905 879 1929 ,
897 1887 1048 1917 novos
1070 1881 1249 1918 amator
1264 1904 1278 1927 ‚
1296 1886 1374 1916 ve·

366 1956 440 1993 tus
472 1945 627 2007 puer?

434 2037 464 2069 1,
498 2038 533 2070 Y
572 2037 594 2071 s
630 2038 651 2069 1
687 2039 728 2071 M
764 2037 798 2070 A
839 2039 864 2070 c
903 2038 937 2071 Η
972 2038 1007 2070 U
1044 2036 1081 2070 s.

122 2093 337 2154 Optume
372 2097 555 2149 hercle;
585 2099 756 2162 perge.
795 2114 882 2162 ego
915 2098 1115 2144 assistam
1139 2098 1239 2161 jam
1272 2096 1384 2141 hinc

375 2170 653 2217 altrinsecus

122 2238 310 2310 Quibus
323 2251 389 2286 est
401 2241 532 2288 dictis
550 2243 741 2307 dignus,
759 2261 911 2305 usque
925 2260 1172 2290 oneremus
1188 2243 1345 2288 ambo.

539 2336 575 2367 D
612 2337 643 2368 E
677 2338 721 2372 M
754 2338 776 2371 1
810 2338 842 2371 P
874 2338 909 2372 Η
945 2340 992 2372 ο.
1140 2368 1149 2376 ,

1069 2388 1239 2433 Nullus
1267 2399 1388 2435 sum.
