1618 2866
250 143 341 203 ωδ
728 140 1066 195 PERSA
1154 134 1158 136 ’
1432 153 1533 199 πᾶ

571 263 593 297 S
630 263 665 297 A
702 265 735 299 G
770 266 806 299 A
842 269 876 302 R
910 269 932 301 1
967 268 989 302 S
1026 269 1058 302 T
1093 268 1114 301 1
1150 269 1199 303 Ο.

531 323 673 372 Nunc
705 343 793 391 ego
822 329 932 375 huic
958 329 1178 394 graphice
1204 328 1377 378 facetus
1405 333 1529 379 fiam.

248 398 467 445 Subnixis
485 400 562 445 alis
580 418 659 446 me
673 402 890 461 inferam,
905 416 1051 465 atque
1065 403 1292 452 amicibor
1309 406 1522 470 gloriose.

666 497 697 529 T
736 497 767 529 ο
807 499 843 531 x
878 497 899 530 1
935 498 965 530 1.
1003 498 1038 531 U
1074 499 1111 532 s.
1491 494 1494 495 ’

246 555 341 603 Sed
372 557 475 618 quis
501 557 576 603 hic
608 569 791 603 ansatus
818 558 1066 604 ambulat?

569 651 1198 686 SAGARISTIO.

919 711 1170 775 Magnifice
1201 713 1523 762 conscreabor.

659 798 690 830 T
728 797 759 830 O
797 796 834 829 X
868 796 890 828 I
924 796 955 828 L
993 796 1028 829 U
1064 796 1100 830 S.

243 859 483 924 Sagaristio
514 858 590 905 hic
629 858 829 920 quidem
861 868 941 902 est.
978 858 1099 919 quid
1139 859 1317 924 agitur,
1350 858 1530 925 Saga1i⁴

497 930 622 976 stio?
654 941 710 975 ut
737 928 955 975 valetur?

243 1003 434 1064 Ecquid
453 1038 469 1062 ‚
508 1002 645 1064 quod
677 1001 899 1048 mandavi
934 999 1052 1046 tibi?
1081 1010 1211 1046 estne
1242 1000 1363 1060 quid
1393 1001 1446 1047 in
1477 1011 1528 1048 te

1103 1072 1354 1135 speculae?

566 1160 589 1194 s
624 1162 659 1194 A
696 1160 728 1193 G
763 1159 799 1193 A
833 1160 868 1193 R
903 1160 925 1192 1
962 1159 983 1192 s
1020 1158 1053 1191 T
1089 1158 1110 1191 1
1147 1156 1196 1191 ο.
1376 1197 1382 1202 ,

632 1216 635 1218 ’
1356 1207 1523 1256 Adito.

242 1281 519 1339 Videbitur‚
544 1280 724 1328 factum
749 1283 888 1328 volo:
917 1282 1102 1328 venito:
1135 1291 1460 1343 praemoneto.

661 1376 693 1408 T
731 1375 763 1408 Ο
800 1375 838 1408 X
872 1375 893 1407 Ι
929 1374 960 1408 L
996 1373 1031 1406 U
1069 1373 1104 1406 S.

243 1435 380 1505 Quid
408 1435 502 1481 hoc
529 1435 607 1481 hic
634 1434 686 1479 in
716 1435 842 1480 collo
871 1424 960 1479 tibi
983 1432 1175 1479 tumet?

562 1531 584 1564 s
622 1531 657 1564 A
694 1530 726 1563 G
762 1531 797 1564 A
835 1531 869 1564 R
903 1530 925 1562 1
959 1528 981 1561 s
1019 1528 1050 1561 Τ
1089 1529 1111 1561 1
1146 1527 1195 1560 ο.

803 1588 1005 1635 Vomica
1025 1588 1078 1633 ’st
1096 1621 1110 1645 ,
1141 1601 1340 1649 pressare
1372 1600 1524 1648 parce.

241 1665 365 1711 Nam
397 1664 482 1710 ubi
518 1662 604 1723 qui
637 1663 760 1708 mala
790 1661 945 1725 tetigit
979 1676 1156 1718 manu,
1188 1658 1374 1705 dolores
1408 1673 1524 1704 coo-

499 1734 699 1780 riuntur.

663 1816 695 1847 T
734 1814 765 1846 o
804 1813 842 1846 x
876 1812 898 1844 1
934 1812 966 1845 1.
1002 1811 1039 1844 U
1074 1812 1114 1845 s.

247 1877 459 1948 Quando
486 1878 623 1923 istaec
652 1875 812 1919 innata
827 1873 884 1916 ’st
908 1888 1021 1916 nam
1046 1870 1171 1919 tibi?

563 1944 1208 2002 SAGARlsT1o.v

1069 2021 1244 2069 Hodie.

663 2112 695 2145 T
735 2111 767 2143 o
805 2108 843 2142 x
876 2107 896 2139 1
933 2106 965 2140 1.
1000 2105 1036 2139 U
1071 2105 1108 2139 s.

1171 2156 1322 2204 Secari
1340 2156 1518 2222 jubeas.

563 2245 586 2278 s
622 2245 658 2278 A
695 2245 727 2278 G
763 2245 798 2278 A
834 2245 868 2278 R
902 2244 923 2276 1
959 2242 981 2276 s
1018 2243 1050 2276 Τ
1084 2243 1106 2275 1
1142 2242 1187 2275 ο.

242 2308 435 2367 Metuo,
454 2323 517 2353 ne
546 2307 831 2354 inmaturam
859 2322 1011 2353 secem
1031 2339 1045 2363 ,
1074 2321 1136 2351 ne
1165 2304 1383 2352 exhibeat
1412 2305 1521 2366 plus

492 2379 667 2444 negoti.
