1618 2866
102 196 192 238 ιι
336 176 623 229 ‘ACTUS
669 177 771 225 IV.
826 173 935 225 SC.
985 176 1124 223 VII.
1287 176 1383 237 631

429 338 825 389 SCENA
905 337 1067 384 VII.

45 478 476 538 *Toxtzvsu
513 477 968 515 DoRDALUS,
1008 474 1382 530 SATURIQ·

615 566 868 603 VIRGO.

523 696 965 732 TOXILUS.

106 754 466 880 POSTQUAM
497 815 591 861 illic
611 814 753 872 abiit,
775 813 932 860 dicere
955 813 1032 858 hic
1054 811 1242 874 quidvis
1260 811 1386 860 licet.
1433 843 1437 846 -

40 934 43 935 ⁷
102 890 206 936 Nae
237 889 313 936 hic
334 888 425 934 tibi
454 887 551 932 dies
581 887 756 932 inluxit
784 887 1125 933 lucrificabilis!

104 964 230 1012 Nam
257 979 358 1010 non
383 961 536 1009 emisti
565 962 686 1008 hanc
702 996 717 1020 ,
748 980 918 1010 verum
947 962 1094 1010 fecisti
1122 964 1253 1010 lucri.

494 1049 531 1082 D
569 1050 602 1084 ο
638 1052 673 1085 R
707 1052 743 1083 D
779 1050 815 1083 A
849 1051 881 1084 1.
918 1050 953 1085 U
991 1050 1026 1084 s.

104 1113 193 1159 Ille
214 1111 412 1174 quidem
432 1113 534 1176 jam
557 1113 669 1171 scit,
701 1113 823 1174 quid
845 1112 1008 1176 negoti
1027 1112 1245 1176 gesserit,

106 1186 214 1256 Qui
246 1187 363 1234 mihi
392 1186 613 1233 furtivam
648 1204 758 1233 meo
790 1187 968 1248 periclo
1002 1178 1235 1231 vendidit}

106 1259 372 1325 Argentum
401 1260 579 1322 accepit
595 1294 610 1317 ‚
644 1256 773 1306 abiit.
803 1259 926 1321 quid
958 1275 1046 1323 ego
1073 1274 1200 1304 nunc
1230 1258 1350 1316 scio,

105 1330 184 1378 An
201 1333 302 1396 jam
328 1344 546 1378 asseratur
567 1332 680 1379 haec
702 1348 849 1379 manu
862 1333 885 1379 i>
911 1348 1014 1393 quo
1033 1332 1171 1379 inum
1188 1330 1384 1394 sequar?

105 1404 167 1451 In
189 1405 375 1453 Persas?
404 1421 560 1468 nugas.

527 1490 559 1523 T
594 1491 627 1524 o
662 1491 699 1523 x
733 1491 755 1523 1
789 1490 821 1523 L
856 1489 892 1523 u
926 1490 964 1523 s.

576 1551 770 1598 Credidi
804 1562 991 1615 gratum
1024 1551 1127 1599 fore
1202 1606 1207 1611 ‚

105 1622 397 1671 Beneficium
423 1641 590 1672 meum
624 1623 756 1684 apud
786 1635 847 1670 te.

494 1711 530 1742 D
567 1710 600 1742 o
635 1710 671 1742 R
709 1710 745 1741 D
783 1709 819 1741 A
853 1707 885 1741 Ι.
921 1708 958 1741 U
991 1708 1031 1742 s.

750 1769 910 1814 Immo
939 1767 1170 1829 equidem
1192 1770 1389 1833 gratiam

108 1840 248 1898 Tibi,
280 1840 452 1887 Toxile
467 1875 483 1897 ‚
508 1840 687 1887 habeo:
715 1857 829 1888 nam
855 1843 975 1889 sensi
1002 1853 1052 1889 te
1073 1841 1246 1891 sedulo

109 1908 236 1959 Mihi
255 1911 365 1959 dare
392 1913 573 1960 bonam
607 1927 814 1975 operam.

526 1999 560 2033 Τ
594 2000 628 2034 o
663 2000 701 2033 x
734 2000 757 2032 1
793 2000 824 2033 L
859 2000 896 2032 U
930 1999 970 2033 s.

721 2059 881 2106 Tibin’
902 2060 1028 2124 ego?
1059 2060 1210 2108 immo
1238 2062 1390 2111 servii.

499 2143 536 2175 D
573 2142 606 2176 o
642 2144 677 2176 R
712 2144 748 2176 D
784 2145 820 2177 A
853 2144 885 2177 Ι,
919 2143 956 2176 U
990 2142 1028 2177 s.

116 2201 249 2248 Atat!
285 2202 456 2250 oblitus
490 2221 596 2250 sum
628 2204 753 2250 intus
787 2203 979 2251 dudum
1012 2204 1225 2264 edicere,

115 2275 255 2344 Quae
284 2277 416 2324 volui
440 2277 606 2325 edicta.
638 2294 811 2325 asserva
838 2278 972 2324 hanc.

535 2360 567 2394 ‘r
602 2360 635 2395 ο
669 2361 708 2395 x
740 2361 762 2394 1
797 2361 830 2394 1.
866 2360 902 2393 u
938 2351 978 2394 s.
1003 2409 1009 2414 -

806 2420 942 2469 Salva
959 2422 1014 2467 'st
1038 2423 1151 2467 haec
1182 2420 1394 2483 quidem}

1010 2494 1153 2554 Rr4
