1618 2866
29 142 80 187 ⁷v.
103 105 165 198 34
448 129 492 176 A
525 128 564 175 c
595 127 641 173 T
674 126 718 173 U
751 123 782 172 s
846 123 906 172 v.
1218 121 1318 184 4631

230 244 1125 286 PYRGOPOLINICES.

39 315 257 364 Caussam
293 313 420 360 haud
456 313 578 358 dico.

206 400 1178 446 PERIPLECTOMENES.

493 467 664 514 Eamus
694 464 819 509 intro
836 497 850 520 ,
883 461 1032 508 Cario.

241 555 1146 597 PYRGOPOLINICES.

253 617 261 623 ”
994 615 1159 662 Servos
1196 633 1329 664 meos

47 696 194 744 Eccos
223 694 379 743 video.
424 690 822 759 Philocomasium
850 689 952 755 jam
981 689 1193 752 profecta
1225 691 1327 738 est?

299 766 374 812 dic
406 765 537 811 mihi.

111 901 120 910 ,
409 861 431 895 s
466 862 493 894 c
530 861 561 893 E
597 859 627 892 L
663 859 695 892 E
729 830 765 892 15
801 859 834 892 R
869 858 905 890 u
942 858 981 892 s.

37 918 356 980 jamdudum.

245 1008 1148 1045 PYRGOPOLINICES.

209 1072 306 1118 Hei
331 1070 474 1116 mihi!

411 1162 434 1196 s
469 1163 496 1195 c
532 1162 562 1195 Ε
600 1162 631 1194 L
665 1162 695 1194 Ε
731 1162 767 1194 D
805 1162 839 1195 R
876 1162 913 1194 U
949 1161 987 1195 s.

312 1231 458 1295 Magis
482 1230 534 1276 id
564 1230 684 1276 dicas
701 1265 714 1288 ‚
741 1231 777 1276 si
796 1231 932 1289 scias,
953 1231 1091 1302 quod
1110 1248 1196 1296 ego
1215 1233 1332 1279 scio:

58 1307 280 1367 Namque
316 1305 425 1362 ille,
461 1304 546 1365 qui
583 1305 739 1349 lanam
775 1305 839 1351 ob
870 1306 1067 1351 oculum
1097 1306 1335 1366 habebat,

310 1388 453 1423 nauta
482 1392 583 1422 non
615 1388 722 1422 erat.

253 1469 1158 1506 PYRGOPOLINICES.

63 1531 183 1602 Quis
219 1541 314 1577 erat
342 1531 515 1595 igitur?

420 1623 442 1656 s
480 1623 506 1655 C
542 1623 572 1655 Ε
609 1623 640 1655 L
675 1623 705 1654 Ε
741 1623 777 1654 D
811 1622 845 1655 R
881 1622 917 1656 U
953 1623 994 1659 s.

421 1690 763 1736 Philocomasio
797 1702 987 1736 amator.

259 1783 1164 1818 PYRGOPOLINICES.

849 1880 857 1884 -
918 1843 1019 1912 Qui
1047 1854 1103 1890 tu
1126 1844 1245 1890 scis?

425 1935 448 1969 S
489 1937 515 1969 C
550 1935 581 1969 E
616 1936 647 1969 I.
682 1937 714 1970 E
748 1938 784 1970 D
822 1939 857 1971 R
892 1938 927 1970 U
963 1939 1003 1973 S.

1225 1990 1345 2038 Scio.

58 2060 198 2107 'Nam
224 2073 476 2123 postquam
512 2063 727 2109 exierunt
760 2072 897 2124 porta
913 2096 928 2119 ,
966 2063 1088 2108 nihil
1115 2076 1346 2112 cessarunt

326 2134 450 2180 illico

80 2205 291 2251 Osculari
320 2217 461 2267 atque
491 2208 744 2270 amplexaxi
770 2207 893 2252 inter
919 2224 979 2253 se.

274 2299 642 2335 PYRGOP
686 2280 1173 2336 oLIN'IcEs.

885 2362 985 2414 Vae
1011 2363 1178 2407 misero
1202 2360 1350 2414 mihi!
