1618 2866
126 209 175 240 v.
213 206 234 239 1
411 183 698 235 ACTUS
751 182 831 229 11.
882 179 983 227 SC.
1037 179 1119 227 11.
1339 189 1399 236 27

517 300 846 369 SCENA
926 317 1025 364 11.

61 506 69 512 .
141 473 435 526 COQUUS,
487 468 892 506 CAPPADOX,
930 465 1403 513 PALINURUS,

490 558 1050 597 PHAEDROMUS.

583 686 974 739 οορῠσε.

140 769 233 882 P
239 842 392 879 Amr«
409 843 561 888 ΗΒΕ,
596 828 718 891 quid
755 827 878 875 stas?
911 827 1031 889 quin
1064 825 1413 889 depromuntur

389 904 507 950 mihi
529 937 544 959 ‚

141 978 281 1045 Quae
311 992 429 1038 opus
461 986 571 1020 sunt
594 994 603 1019 ε
635 972 836 1019 Parasito
868 982 924 1017 ut
948 971 1006 1018 sit
1027 981 1244 1032 paratum
1271 985 1412 1032 pran-

393 1050 529 1096 dium
547 1082 562 1106 ‚

145 1127 318 1195 Quom
336 1122 494 1170 veniat
508 1121 530 1165 ?

488 1223 517 1256 P
555 1221 588 1254 A
623 1219 654 1252 Ι,
688 1219 710 1251 1
744 1217 780 1251 N
814 1217 849 1250 U
885 1218 919 1251 R
954 1216 989 1250 U
1026 1217 1063 1251 s.

402 1298 544 1345 Mafie
566 1296 643 1352 sis,
663 1294 781 1340 dum
806 1293 918 1339 huic
936 1292 1136 1358 conjicio
1159 1291 1413 1338 somnium.

583 1396 611 1428 c
649 1395 681 1427 o
720 1396 756 1444 ρ
789 1393 823 1425 U
861 1393 896 1426 U
933 1393 983 1440 s„
1234 1380 1237 1381 ’

148 1469 276 1516 Tute
298 1468 417 1530 ipse,
441 1466 479 1511 si
505 1464 626 1526 quid
654 1461 918 1518 somniasti,
942 1460 1003 1507 ad
1031 1477 1109 1507 me
1133 1457 1286 1506 refers.

489 1561 518 1595 P
553 1560 588 1594 A
623 1560 655 1593 L
688 1559 711 1592 1
746 1559 779 1592 N
817 1557 852 1589 U
887 1559 923 1591 R
956 1557 991 1590 U
1028 1557 1067 1591 S.

147 1628 326 1676 Fateor.

598 1715 625 1748 c
664 1714 696 1746 o
735 1714 771 1763 ρ
803 1713 839 1746 u
876 1712 912 1745 u
948 1712 988 1747 s.

309 1787 431 1847 Abi,
454 1788 696 1851 deprome.

493 1884 523 1916 P
557 1883 593 1916 A
627 1884 658 1916 Ι,
694 1883 715 1916 1
751 1885 786 1917 N
821 1883 857 1915 U
892 1884 925 1917 R
960 1882 996 1915 U
1032 1882 1072 1916 s.

628 1950 729 2016 Age
744 1987 758 2009 ,
776 1963 831 1997 tu
850 1951 1027 1997 interea
1050 1951 1164 1998 huic
1183 1951 1423 1998 somnium

157 2021 322 2069 Narra:
342 2024 587 2070 meliorem
600 2059 614 2081 ‚
639 2041 786 2085 quam
810 2041 898 2088 ego
926 2041 1032 2070 sum
1051 2058 1065 2080 ‚
1084 2039 1304 2086 suppono
1322 2023 1422 2071 tibi.

158 2093 282 2141 Nam
302 2097 437 2158 quod
463 2096 557 2144 scio
573 2131 589 2154 ,
609 2112 753 2142 omne
777 2112 836 2141 ex
861 2097 955 2142 hoc
981 2096 1089 2142 scio.

528 2196 556 2228 c
594 2196 629 2229 A
662 2196 690 2228 P
727 2197 756 2228 P
794 2196 831 2228 A
864 2197 899 2228 D
938 2196 969 2229 o
1005 2197 1057 2229 x.

920 2266 1131 2327 Operam
1154 2276 1209 2312 ut
1235 2264 1330 2310 det.

498 2358 1072 2395 PALINURUS.

1017 2411 1020 2415 ’
1270 2419 1429 2468 Dabit.
