1618 2866
47 181 181 226 v.25-
350 162 635 212 ACTUS
690 164 768 210 ΙΙ.
825 161 1096 210 SC.IV..
1228 168 1323 230 369

52 274 177 321 Nam
201 285 331 319 certo
361 287 523 333 neque
550 268 775 315 solatium
790 269 846 315 'st
874 269 1004 330 apud
1027 283 1140 327 nos,
1162 285 1325 332 neque

300 347 464 392 hortus
500 344 652 399 ullus,

43 419 216 480 Neque
249 418 474 474 fenestra,
502 415 591 461 nisi
620 416 835 462 clatrata:
868 431 1001 462 nam
1011 427 1139 463 certo
1167 433 1255 481 ego
1274 429 1325 464 te

302 490 380 536 hic
409 489 535 535 intus
557 486 668 534 vidi.

278 571 1013 623 „PALAESTRIQ

44 637 245 702 Pergin',
264 637 450 687 sceleste
462 669 476 692 ,
499 633 744 680 intendere
756 667 771 689 ‚
792 643 938 693 atque
958 634 1079 681 hanc
1097 635 1322 700 arguere?

263 725 1123 763 PHILOCOMASIUM.

992 789 1180 836 Ecastor
1208 806 1320 854 ergo

46 861 167 911 Mihi
184 859 314 907 haud
331 858 497 906 falsum
517 859 703 905 eveniat
719 860 960 906 somnium
975 894 990 917 ,
1014 861 1151 922 quod
1167 874 1319 907 noctu

292 933 380 979 hac
410 931 653 978 somniavi.

364 1000 1002 1050 PALAE’STRLO.

47 1079 186 1149 Quid
215 1077 491 1126 somniasti?

260 1161 1119 1199 PHILOCOMASIUM.

108 1223 210 1287 Ego
228 1224 437 1283 eloquar.
462 1220 570 1277 sed,
602 1219 799 1276 amabo,
829 1220 1066 1268 advortite
1086 1223 1315 1271 animum.

44 1294 147 1340 Hac
172 1304 314 1339 nocte
344 1293 395 1338 in
424 1293 597 1338 somnis
626 1308 733 1338 mea
759 1306 890 1336 soror
917 1293 1105 1356 gemina
1135 1310 1318 1358 germa-

294 1383 356 1414 na
390 1367 485 1413 visa
560 1402 563 1403 γ

43 1438 235 1486 Venisse
263 1438 502 1485 Athenis'
489 1455 541 1484 m
570 1439 814 1500 Ephesum
847 1453 960 1484 cum
989 1456 1076 1486 suo
1109 1453 1318 1488 amatore

296 1512 535 1573 quodam:

43 1585 110 1632 Hi
137 1585 280 1632 ambo
315 1586 521 1647 hospitio
552 1582 688 1632 huc
678 1601 727 1630 m
759 1598 1055 1646 proxumum
1076 1585 1195 1630 mihi
1232 1586 1317 1632 de-

296 1659 420 1704 vorti
450 1669 561 1703 sunt
586 1659 685 1703 visi.

397 1743 419 1776 s
455 1743 483 1775 c
517 1744 548 1775 E
584 1743 614 1775 1,
651 1743 682 1775 E
718 1743 753 1775 D
793 1744 827 1776 R
862 1741 898 1775 U
935 1743 977 1776 s.

46 1801 360 1848 Palaestrionis
388 1802 630 1847 somnium
661 1813 883 1847 narratur.

365 1895 1010 1933 PALAESTRIQ

917 1955 1062 2019 Perge
1090 1971 1246 2016 porro.

238 2038 1119 2075 ‚PHILOCOMASIUM.

48 2099 151 2163 Ego
189 2099 309 2146 laeta
348 2102 440 2146 visa
463 2136 477 2158 ‚
528 2102 639 2162 quia
680 2116 808 2146 soror
849 2100 1079 2156 venisset,
1122 2108 1315 2160 propter

297 2174 538 2231 eamdem,

49 2242 376 2305 Suspicionem
403 2263 677 2293 maxumam
711 2263 816 2292 sum
843 2247 938 2292 visa
966 2245 1203 2292 sustinere.

50 2315 175 2361 Nam
194 2330 388 2378 ‚arguere
406 2315 458 2360 in
478 2318 650 2365 somnis
671 2334 750 2364 me
779 2317 1009 2364 familiaris
1034 2333 1167 2362 meus
1196 2314 1315 2359 mihi

299 2387 468 2433 visu’st

124 2459 212 2506 Vol.
237 2459 302 2505 11.
884 2443 887 2446 ’
945 2439 951 2445 ’
1045 2459 1131 2505 Aa
