1618 2866
57 220 178 268 v.57
346 206 635 256 ACTus
685 208 722 255 1.
772 206 877 257 sc.
925 209 1048 256 111.
1213 184 1345 275 '⁵⁷12

58 311 308 374 Siquidem
324 311 399 358 hic
418 313 529 357 leno
546 311 766 357 nondum
782 326 863 357 sex
876 327 1055 357 menses
1071 311 1339 375 Megaribus

59 384 170 432 Huc
194 396 263 432 est
283 402 434 446 quom
461 384 776 449 conmigravit.

473 476 915 512 SATURIO.

263 571 271 576 .
774 537 980 584 Pereunt
1010 537 1248 599 reliquiae

60 609 292 656 Posterius
323 609 440 656 istuc
471 620 631 655 tamen
656 620 822 671 potest.

477 701 511 735 T
544 702 581 736 Ο
615 701 651 734 X
684 703 706 735 1
740 702 772 735 1.
807 701 844 736 U
880 701 917 737 S·

835 761 957 808 Scin'
977 779 1123 824 quam
1151 765 1342 826 potest?

63 833 342 897 Numquam
369 835 524 882 hercle
555 835 701 882 hodie
726 836 802 882 hic
828 837 957 897 prius
990 837 1088 883 edis
1116 838 1211 898 (ne
1243 838 1345 895 frug

313 921 403 956 stra
435 907 525 973 sis)

66 980 232 1049 Quam
246 991 295 1027 te
309 982 398 1027 hoc
417 981 676 1038 facturum,
696 980 829 1040 quod
846 996 959 1045 rogo
971 1015 986 1039 ‚
1006 982 1196 1028 affirmas
1211 983 1343 1029 mihi.

64 1052 226 1114 Atque
260 1055 347 1100 nisi
382 1065 571 1118 gnatam
612 1064 773 1098 tecum
814 1053 908 1098 huc
938 1055 1039 1118 jam
1053 1088 1070 1113 ,
1108 1067 1345 1116 quantum

318 1138 501 1188 potest,

66 1198 280 1246 Adducis
296 1232 311 1255 ,
335 1199 519 1263 exigam
538 1198 692 1245 hercle
718 1215 806 1262 ego
835 1210 884 1245 te
913 1216 974 1246 ex
995 1200 1079 1247 hac
1112 1200 1310 1247 decuria.

70 1270 211 1340 Quid
227 1271 387 1316 nunc?
417 1271 536 1332 quid
554 1270 651 1316 est?
682 1271 801 1334 quin
826 1271 939 1319 dicis
953 1306 969 1330 ‚
1004 1272 1125 1333 quid
1141 1272 1346 1320 facturus

321 1344 377 1390 sis
396 1343 418 1389 ?

486 1421 510 1456 8
546 1421 583 1455 A
617 1422 648 1454 T
682 1420 718 1453 U
752 1422 787 1456 R
821 1421 842 1454 I
878 1421 927 1455 Ο.

74 1482 264 1551 Quaeso
277 1515 293 1539 ,
324 1481 479 1527 hercle
494 1515 510 1540 ‚
548 1497 630 1527 me
658 1497 855 1541 quoque
898 1481 1052 1550 etiam·
1072 1481 1247 1529 vendas
1266 1516 1281 1539 ‚
1313 1483 1351 1528 si

320 1554 474 1611 lubet,

70 1625 205 1674 Dum
231 1637 440 1673 saturum
467 1627 653 1674 vendas.

491 1711 523 1743 Τ
562 1711 594 1743 0
635 1710 671 1742 x
709 1710 730 1742 1
766 1711 797 1743 1.
834 1710 870 1742 U
907 1709 942 1743 s.

678 1771 783 1816 Hoc
812 1771 847 1816 si
875 1771 1102 1830 facturus,
1133 1772 1245 1821 face.

494 1855 518 1889 s
556 1854 592 1888 A
626 1854 658 1887 Τ
695 1855 731 1887 U
767 1856 801 1888 R
835 1855 855 1887 1
896 1855 943 1888 0.

75 1917 257 1964 Faciam
287 1917 542 1978 equidem,
570 1933 692 1977 quae
720 1917 804 1963 vis.

225 1994 231 1998 ’
491 2011 524 2043 Τ
557 2010 590 2043 o
629 2010 665 2042 x
700 2010 722 2043 1
758 2011 789 2043 1.
824 2010 860 2043 u
896 2009 932 2043 s.

461 2067 591 2114 Bene
619 2069 756 2126 facis,
780 2084 1006 2129 propera,
1035 2067 1113 2112 abi
1132 2067 1355 2115 domum:

80 2138 397 2185 Praemonstra
424 2140 595 2196 docte,
627 2140 842 2201 praecipe
880 2150 979 2184 astu
1010 2138 1158 2196 filiae,

84 2209 224 2278 Quid
248 2208 510 2267 fabuletur,
541 2212 627 2257 ubi
654 2228 701 2256 se
726 2224 915 2275 gnatam
946 2211 1210 2270 praedicet,

86 2281 191 2348 Qui
221 2280 307 2325 sibi
332 2294 542 2341 pasentes
574 2283 774 2340 fuerint,
806 2283 938 2328 unde
970 2283 1191 2344 subrepta
1224 2285 1293 2329 sit.

0 2402 1 2407 ,
88 2354 184 2400 Sed
218 2355 359 2417 longe
388 2355 447 2400 ab
478 2357 671 2402 Athenis
705 2374 796 2402 esse
828 2373 874 2401 se
907 2367 1095 2419 gnatam
1126 2368 1360 2403 autumet:

86 2426 148 2473 Et
168 2436 224 2470 ut
245 2425 422 2483 affleat,
450 2442 600 2486 quom
630 2445 682 2476 ea
705 2439 949 2475 memoret.

158 2498 343 2546 Vol.11.
1058 2500 1105 2544 Ο
1134 2514 1163 2542 0
