1618 2866
72 151 196 200 my
301 103 593 185 n'CTUs
642 136 742 184 1v.
788 133 896 182 sc.
939 133 1125 182 v111.
1256 146 1355 200 452

396 257 426 290 P
463 234 498 289 A
533 257 564 289 L
601 255 636 289 A
670 255 702 288 E
738 254 761 288 s
798 255 830 287 T
865 255 898 288 R
934 254 955 288 1
991 254 1040 288 o.

72 316 219 366 Scies:
245 318 397 365 immo
427 316 572 363 hodie
599 331 769 362 verum
790 313 972 361 factum
1001 313 1113 360 faxo
1146 323 1256 376 post
1276 311 1356 358 di-

333 407 407 437 ces
434 389 591 454 magis.

270 471 1167 509 PYRGOPOLINICES.

81 536 179 587 Vix
200 536 458 605 reprimor,
486 535 607 596 quin
635 544 684 579 te
703 549 893 580 manere
910 533 1125 596 jubeam.

401 631 431 663 P
469 628 505 662 A
537 628 569 661 I.
604 628 640 661 A
674 628 705 661 E
742 627 765 660 S
803 628 835 660 T
870 629 905 661 R
939 628 961 660 I
998 629 1047 662 O.

886 687 1011 735 Cave
1039 688 1158 734 istuc
1186 686 1362 734 fecerim

75 762 253 811 Dicent
274 773 323 809 te
340 762 620 810 mendacem
636 797 650 820 ‚
673 779 762 809 nec
778 779 949 810 verum
968 779 1061 809 esse
1079 797 1092 820 ,
1112 761 1207 807 fide
1225 762 1358 807 nulla

328 852 420 882 esse
453 847 516 881 te.

75 907 252 957 Dicant
278 924 519 954 servorum
538 917 721 969 praeter
749 906 865 952 med
883 923 975 953 esse
991 907 1186 954 fidelem
1202 907 1359 953 nemi-

337 998 466 1027 nem.
910 1036 937 1041 x

76 1054 201 1099 Nam
218 1055 252 1099 si
270 1055 468 1099 honeste
485 1068 699 1099 censeam
713 1063 761 1097 te
774 1052 924 1099 facere
944 1069 1096 1115 posse,
1112 1049 1353 1100 suadeam:

77 1124 124 1172 V
127 1142 261 1172 erum
286 1142 387 1172 non
413 1136 591 1188 potest:
626 1141 737 1171 cave
763 1125 889 1172 faxis.

274 1218 1176 1254 PYRGOPOLINICES.

582 1277 706 1335 Abi,
722 1279 823 1342 jam
845 1280 992 1340 patiar
1012 1279 1255 1341 quidquid
1277 1291 1356 1326 est.

402 1361 432 1393 P
469 1361 503 1394 A
538 1362 570 1394 Ι,
603 1362 639 1394 A
672 1362 703 1394 Ε
739 1362 763 1395 s
800 1363 832 1396 Τ
866 1366 900 1398 R
935 1365 955 1396 1
996 1364 1046 1397 ο.

79 1420 209 1468 Bene
236 1423 341 1469 vale
368 1423 521 1487 igitur.

273 1508 1186 1545 PYRGOPOLINICES.

396 1569 470 1613 Ire
497 1568 664 1614 melius
697 1581 764 1615 est
790 1581 992 1615 strenue.

399 1653 428 1685 P
468 1653 503 1686 A
537 1654 568 1686 L
606 1655 641 1687 A
676 1656 707 1688 E
744 1655 769 1689 s
805 1657 837 1689 T
871 1657 905 1689 R
940 1656 962 1687 1
1000 1655 1050 1688 ο.

910 1717 1068 1763 Etiam
1088 1731 1221 1762 nunc
1242 1716 1361 1761 vale.

278 1796 1187 1835 PYRGOPOLINICES.

79 1855 227 1904 Ante'
243 1859 334 1905 hoc
375 1859 555 1906 factum
593 1862 724 1908 hunc
758 1880 864 1908 sum
899 1863 1145 1908 axbitratus
1177 1874 1361 1922 sempe1

340 1948 525 1979 servom
548 1951 849 1995 pessumum:

84 1998 211 2045 Eum
241 2002 430 2049 fidelem
460 2005 579 2050 mihi
613 2023 707 2052 esse
734 2008 943 2054 invenio.
983 2024 1143 2068 quom
1172 2016 1361 2071 egomet

337 2091 529 2121 mecum
560 2078 717 2141 cogito
737 2112 751 2135 ‚

91 2140 244 2188 Stulte
275 2144 389 2203 feci,
420 2150 502 2209 qui
524 2151 655 2197 hunc
677 2152 819 2196 amisi.
850 2152 931 2198 ibo
955 2152 1066 2199 hinc
1084 2154 1210 2199 intro
1231 2169 1362 2200 nunc

333 2218 434 2279 jam

89 2284 168 2333 Ad
182 2304 359 2334 amores
377 2306 520 2338 meos.
548 2305 596 2340 et
612 2295 756 2353 sensi,
777 2295 888 2342 hinc
916 2297 1126 2343 sonitum
1148 2295 1363 2343 fecerunt
1396 2321 1406 2328 ν

346 2359 478 2408 fores.
