<?xml version="1.0" encoding="UTF-8"?>
<!DOCTYPE html PUBLIC "-//W3C//DTD XHTML 1.0 Transitional//EN"
    "http://www.w3.org/TR/xhtml1/DTD/xhtml1-transitional.dtd">
<html xmlns="http://www.w3.org/1999/xhtml" xml:lang="en" lang="en">
 <head>
  <title>
</title>
<meta http-equiv="Content-Type" content="text/html;charset=utf-8" />
  <meta name='ocr-system' content='tesseract 3.04.00' />
  <meta name='ocr-capabilities' content='ocr_page ocr_carea ocr_par ocr_line ocrx_word'/>
</head>
<body>
  <div class='ocr_page' id='page_1' title='image "./comoediaesuperst02plauuoft_0179.png"; bbox 0 0 1618 2866; ppageno 0'>
   <div class='ocr_carea' id='block_1_1' title="bbox 100 171 1387 252">
    <p class='ocr_par' dir='ltr' id='par_1_1' title="bbox 100 171 1387 252">
     <span class='ocr_line' id='line_1_1' title="bbox 100 171 1387 252; baseline -0.014 -8"><span class='ocrx_word' id='word_1_1' title='bbox 100 208 236 252; x_wconf 52' lang='grc' dir='ltr'>ηιμ</span> <span class='ocrx_word' id='word_1_2' title='bbox 402 184 693 237; x_wconf 84' lang='lat' dir='ltr'>ACTUS</span> <span class='ocrx_word' id='word_1_3' title='bbox 741 184 822 231; x_wconf 90' lang='lat'>11.</span> <span class='ocrx_word' id='word_1_4' title='bbox 862 171 979 230; x_wconf 68' lang='lat' dir='ltr'>§c</span> <span class='ocrx_word' id='word_1_5' title='bbox 1013 181 1131 229; x_wconf 90' lang='lat'>111.</span> <span class='ocrx_word' id='word_1_6' title='bbox 1298 195 1387 238; x_wconf 85' lang='lat'>171</span> 
     </span>
    </p>
   </div>
   <div class='ocr_carea' id='block_1_2' title="bbox 101 303 1087 497">
    <p class='ocr_par' dir='ltr' id='par_1_2' title="bbox 101 303 1087 497">
     <span class='ocr_line' id='line_1_2' title="bbox 417 303 1087 344; baseline -0.013 0"><span class='ocrx_word' id='word_1_7' title='bbox 417 311 460 344; x_wconf 85' lang='lat' dir='ltr'>M</span> <span class='ocrx_word' id='word_1_8' title='bbox 494 309 525 342; x_wconf 76' lang='grc' dir='ltr'><strong>Ε</strong></span> <span class='ocrx_word' id='word_1_9' title='bbox 560 308 595 341; x_wconf 75' lang='lat' dir='ltr'>N</span> <span class='ocrx_word' id='word_1_10' title='bbox 632 306 666 340; x_wconf 83' lang='lat' dir='ltr'>A</span> <span class='ocrx_word' id='word_1_11' title='bbox 698 306 730 339; x_wconf 81' lang='grc' dir='ltr'><strong>Ε</strong></span> <span class='ocrx_word' id='word_1_12' title='bbox 766 306 794 338; x_wconf 92' lang='lat' dir='ltr'>c</span> <span class='ocrx_word' id='word_1_13' title='bbox 830 305 864 337; x_wconf 80' lang='grc' dir='ltr'><strong>Η</strong></span> <span class='ocrx_word' id='word_1_14' title='bbox 898 304 942 336; x_wconf 86' lang='grc' dir='ltr'>Μ</span> <span class='ocrx_word' id='word_1_15' title='bbox 977 303 1012 336; x_wconf 86' lang='lat' dir='ltr'>u</span> <span class='ocrx_word' id='word_1_16' title='bbox 1050 303 1087 336; x_wconf 91' lang='lat' dir='ltr'>s.</span> 
     </span>
     <span class='ocr_line' id='line_1_3' title="bbox 101 369 847 433; baseline -0.015 -11"><span class='ocrx_word' id='word_1_17' title='bbox 101 375 279 422; x_wconf 74' lang='lat' dir='ltr'>‘Mones</span> <span class='ocrx_word' id='word_1_18' title='bbox 307 371 506 433; x_wconf 89' lang='lat' dir='ltr'>quidem</span> <span class='ocrx_word' id='word_1_19' title='bbox 525 369 680 414; x_wconf 84' lang='lat' dir='ltr'>hercle</span> <span class='ocrx_word' id='word_1_20' title='bbox 708 378 847 413; x_wconf 87' lang='lat' dir='ltr'>recte.</span> 
     </span>
     <span class='ocr_line' id='line_1_4' title="bbox 504 459 1010 497; baseline -0.01 0"><span class='ocrx_word' id='word_1_21' title='bbox 504 465 547 497; x_wconf 88' lang='grc' dir='ltr'><strong>Μ</strong></span> <span class='ocrx_word' id='word_1_22' title='bbox 581 465 611 497; x_wconf 79' lang='grc' dir='ltr'><strong>Ε</strong></span> <span class='ocrx_word' id='word_1_23' title='bbox 648 463 670 497; x_wconf 90' lang='lat' dir='ltr'>s</span> <span class='ocrx_word' id='word_1_24' title='bbox 708 462 731 496; x_wconf 91' lang='lat' dir='ltr'>s</span> <span class='ocrx_word' id='word_1_25' title='bbox 766 463 796 494; x_wconf 79' lang='grc' dir='ltr'><strong>Ε</strong></span> <span class='ocrx_word' id='word_1_26' title='bbox 833 462 867 495; x_wconf 78' lang='lat' dir='ltr'>N</span> <span class='ocrx_word' id='word_1_27' title='bbox 904 461 923 493; x_wconf 94' lang='lat'>1</span> <span class='ocrx_word' id='word_1_28' title='bbox 961 459 1010 492; x_wconf 89' lang='grc' dir='ltr'>ο.</span> 
     </span>
    </p>
   </div>
   <div class='ocr_carea' id='block_1_3' title="bbox 116 518 1358 654">
    <p class='ocr_par' dir='ltr' id='par_1_3' title="bbox 116 518 1358 654">
     <span class='ocr_line' id='line_1_5' title="bbox 821 518 1358 567; baseline -0.006 0"><span class='ocrx_word' id='word_1_29' title='bbox 821 522 953 567; x_wconf 90' lang='lat' dir='ltr'>Tum</span> <span class='ocrx_word' id='word_1_30' title='bbox 984 519 1185 566; x_wconf 88' lang='lat' dir='ltr'>demum</span> <span class='ocrx_word' id='word_1_31' title='bbox 1216 518 1358 564; x_wconf 86' lang='lat' dir='ltr'>sciam</span> 
     </span>
     <span class='ocr_line' id='line_1_6' title="bbox 116 593 1071 654; baseline -0.01 -7"><span class='ocrx_word' id='word_1_32' title='bbox 116 601 272 647; x_wconf 86' lang='lat' dir='ltr'>Recte</span> <span class='ocrx_word' id='word_1_33' title='bbox 302 597 567 654; x_wconf 88' lang='lat' dir='ltr'>monuisse,</span> <span class='ocrx_word' id='word_1_34' title='bbox 594 597 631 641; x_wconf 88' lang='lat' dir='ltr'>si</span> <span class='ocrx_word' id='word_1_35' title='bbox 656 607 710 642; x_wconf 92' lang='lat' dir='ltr'>tu</span> <span class='ocrx_word' id='word_1_36' title='bbox 737 605 861 641; x_wconf 88' lang='lat' dir='ltr'>recte</span> <span class='ocrx_word' id='word_1_37' title='bbox 886 593 1071 640; x_wconf 80' lang='lat' dir='ltr'>caveris.</span> 
     </span>
    </p>
   </div>
   <div class='ocr_carea' id='block_1_4' title="bbox 403 699 1075 738">
    <p class='ocr_par' dir='ltr' id='par_1_4' title="bbox 403 699 1075 738">
     <span class='ocr_line' id='line_1_7' title="bbox 403 699 1075 738; baseline -0.007 0"><span class='ocrx_word' id='word_1_38' title='bbox 403 699 1075 738; x_wconf 75' lang='lat' dir='ltr'>MENAECHMUS.</span> 
     </span>
    </p>
   </div>
   <div class='ocr_carea' id='block_1_5' title="bbox 119 767 1331 908">
    <p class='ocr_par' dir='ltr' id='par_1_5' title="bbox 119 767 1331 908">
     <span class='ocr_line' id='line_1_8' title="bbox 122 767 1331 834; baseline -0.006 -14"><span class='ocrx_word' id='word_1_39' title='bbox 122 772 369 820; x_wconf 87' lang='lat' dir='ltr'>Tacedum</span> <span class='ocrx_word' id='word_1_40' title='bbox 394 768 671 834; x_wconf 83' lang='lat' dir='ltr'>parumper:</span> <span class='ocrx_word' id='word_1_41' title='bbox 699 786 809 816; x_wconf 85' lang='lat' dir='ltr'>nam</span> <span class='ocrx_word' id='word_1_42' title='bbox 842 767 1120 830; x_wconf 82' lang='lat' dir='ltr'>concrepuit</span> <span class='ocrx_word' id='word_1_43' title='bbox 1142 767 1331 814; x_wconf 88' lang='lat' dir='ltr'>ostium.</span> 
     </span>
     <span class='ocr_line' id='line_1_9' title="bbox 119 842 940 908; baseline -0.006 -16"><span class='ocrx_word' id='word_1_44' title='bbox 119 845 405 902; x_wconf 88' lang='lat' dir='ltr'>Videamus,</span> <span class='ocrx_word' id='word_1_45' title='bbox 436 844 523 906; x_wconf 86' lang='lat' dir='ltr'>qui</span> <span class='ocrx_word' id='word_1_46' title='bbox 547 844 659 890; x_wconf 90' lang='lat' dir='ltr'>hinc</span> <span class='ocrx_word' id='word_1_47' title='bbox 691 842 940 908; x_wconf 84' lang='lat' dir='ltr'>egreditur.</span> 
     </span>
    </p>
   </div>
   <div class='ocr_carea' id='block_1_6' title="bbox 120 939 1406 1132">
    <p class='ocr_par' dir='ltr' id='par_1_6' title="bbox 120 939 1406 1132">
     <span class='ocr_line' id='line_1_10' title="bbox 497 939 1007 973; baseline -0.002 -1"><span class='ocrx_word' id='word_1_48' title='bbox 497 939 540 972; x_wconf 84' lang='grc' dir='ltr'>Μ</span> <span class='ocrx_word' id='word_1_49' title='bbox 575 939 605 972; x_wconf 86' lang='grc' dir='ltr'><strong>Ε</strong></span> <span class='ocrx_word' id='word_1_50' title='bbox 643 939 665 973; x_wconf 93' lang='lat' dir='ltr'>S</span> <span class='ocrx_word' id='word_1_51' title='bbox 705 940 728 973; x_wconf 90' lang='lat' dir='ltr'>S</span> <span class='ocrx_word' id='word_1_52' title='bbox 763 941 794 973; x_wconf 85' lang='lat' dir='ltr'>E</span> <span class='ocrx_word' id='word_1_53' title='bbox 831 941 863 973; x_wconf 86' lang='lat' dir='ltr'>N</span> <span class='ocrx_word' id='word_1_54' title='bbox 900 941 922 973; x_wconf 91' lang='lat' dir='ltr'>I</span> <span class='ocrx_word' id='word_1_55' title='bbox 959 939 1007 972; x_wconf 90' lang='lat' dir='ltr'>O.</span> 
     </span>
     <span class='ocr_line' id='line_1_11' title="bbox 843 995 1406 1063; baseline -0.009 -18"><span class='ocrx_word' id='word_1_56' title='bbox 843 998 952 1050; x_wconf 77' lang='lat' dir='ltr'>Hoc</span> <span class='ocrx_word' id='word_1_57' title='bbox 981 1013 1161 1063; x_wconf 78' lang='lat' dir='ltr'>ponam</span> <span class='ocrx_word' id='word_1_58' title='bbox 1190 995 1406 1061; x_wconf 47' lang='lat' dir='ltr'>interim4</span> 
     </span>
     <span class='ocr_line' id='line_1_12' title="bbox 120 1070 1166 1132; baseline -0.009 -8"><span class='ocrx_word' id='word_1_59' title='bbox 120 1075 416 1123; x_wconf 84' lang='lat' dir='ltr'>Asservatote</span> <span class='ocrx_word' id='word_1_60' title='bbox 444 1075 587 1132; x_wconf 86' lang='lat' dir='ltr'>haec,</span> <span class='ocrx_word' id='word_1_61' title='bbox 616 1072 747 1119; x_wconf 88' lang='lat' dir='ltr'>sultis</span> <span class='ocrx_word' id='word_1_62' title='bbox 763 1105 777 1130; x_wconf 83' lang='lat'>,</span> <span class='ocrx_word' id='word_1_63' title='bbox 805 1072 988 1117; x_wconf 86' lang='lat' dir='ltr'>navales</span> <span class='ocrx_word' id='word_1_64' title='bbox 1009 1070 1166 1132; x_wconf 87' lang='lat' dir='ltr'>pedes.</span> 
     </span>
    </p>
   </div>
   <div class='ocr_carea' id='block_1_7' title="bbox 434 1216 1071 1272">
    <p class='ocr_par' dir='ltr' id='par_1_7' title="bbox 434 1216 1071 1272">
     <span class='ocr_line' id='line_1_13' title="bbox 434 1216 1071 1272; baseline -0.005 0"><span class='ocrx_word' id='word_1_65' title='bbox 434 1216 825 1272; x_wconf 83' lang='lat' dir='ltr'><em>SCENA</em></span> <span class='ocrx_word' id='word_1_66' title='bbox 912 1224 1071 1270; x_wconf 87' lang='lat' dir='ltr'><strong><em>III.</em></strong></span> 
     </span>
    </p>
   </div>
   <div class='ocr_carea' id='block_1_8' title="bbox 122 1352 1396 1487">
    <p class='ocr_par' dir='ltr' id='par_1_8' title="bbox 122 1352 1396 1487">
     <span class='ocr_line' id='line_1_14' title="bbox 122 1352 1396 1403; baseline -0.003 -1"><span class='ocrx_word' id='word_1_67' title='bbox 122 1364 424 1402; x_wconf 67' lang='grc' dir='ltr'><strong><em>ΕκοΤῙυΜ,</em></strong></span> <span class='ocrx_word' id='word_1_68' title='bbox 454 1365 823 1403; x_wconf 76' lang='lat' dir='ltr'><strong><em>cYLtNDRUS,</em></strong></span> <span class='ocrx_word' id='word_1_69' title='bbox 861 1364 1289 1401; x_wconf 80' lang='lat' dir='ltr'><em>MENAECHMUS</em></span> <span class='ocrx_word' id='word_1_70' title='bbox 1318 1352 1396 1398; x_wconf 81' lang='lat' dir='ltr'>So·-</span> 
     </span>
     <span class='ocr_line' id='line_1_15' title="bbox 498 1439 1016 1487; baseline 0.002 -4"><span class='ocrx_word' id='word_1_71' title='bbox 498 1439 646 1487; x_wconf 83' lang='lat' dir='ltr'>sicles,</span> <span class='ocrx_word' id='word_1_72' title='bbox 680 1449 1016 1484; x_wconf 79' lang='lat' dir='ltr'><em>MESSENIO.</em></span> 
     </span>
    </p>
   </div>
   <div class='ocr_carea' id='block_1_9' title="bbox 526 1579 993 1613">
    <p class='ocr_par' dir='ltr' id='par_1_9' title="bbox 526 1579 993 1613">
     <span class='ocr_line' id='line_1_16' title="bbox 526 1579 993 1613; baseline 0 -1"><span class='ocrx_word' id='word_1_73' title='bbox 526 1579 993 1613; x_wconf 79' lang='lat' dir='ltr'><strong>EROTIUM.</strong></span> 
     </span>
    </p>
   </div>
   <div class='ocr_carea' id='block_1_10' title="bbox 120 1631 1400 2264">
    <p class='ocr_par' dir='ltr' id='par_1_10' title="bbox 123 1631 1064 1757">
     <span class='ocr_line' id='line_1_17' title="bbox 123 1631 1064 1757; baseline -0.003 -13"><span class='ocrx_word' id='word_1_74' title='bbox 123 1631 312 1744; x_wconf 80' lang='lat' dir='ltr'><strong>SINE</strong></span> <span class='ocrx_word' id='word_1_75' title='bbox 345 1695 454 1742; x_wconf 86' lang='lat' dir='ltr'>foris</span> <span class='ocrx_word' id='word_1_76' title='bbox 480 1696 568 1743; x_wconf 84' lang='lat' dir='ltr'>sic:</span> <span class='ocrx_word' id='word_1_77' title='bbox 600 1695 707 1752; x_wconf 87' lang='lat' dir='ltr'>abi,</span> <span class='ocrx_word' id='word_1_78' title='bbox 735 1697 851 1741; x_wconf 91' lang='lat' dir='ltr'>nolo</span> <span class='ocrx_word' id='word_1_79' title='bbox 881 1696 1064 1757; x_wconf 81' lang='lat' dir='ltr'>operiri.</span> 
     </span>
    </p>

    <p class='ocr_par' dir='ltr' id='par_1_11' title="bbox 120 1767 1400 2264">
     <span class='ocr_line' id='line_1_18' title="bbox 123 1767 1260 1830; baseline -0.002 -15"><span class='ocrx_word' id='word_1_80' title='bbox 123 1769 258 1815; x_wconf 87' lang='lat' dir='ltr'><strong>Intus</strong></span> <span class='ocrx_word' id='word_1_81' title='bbox 279 1785 388 1830; x_wconf 85' lang='lat' dir='ltr'>para</span> <span class='ocrx_word' id='word_1_82' title='bbox 402 1803 415 1826; x_wconf 87' lang='lat'>‚</span> <span class='ocrx_word' id='word_1_83' title='bbox 451 1784 587 1825; x_wconf 79' lang='lat' dir='ltr'>cura,</span> <span class='ocrx_word' id='word_1_84' title='bbox 610 1767 749 1825; x_wconf 88' lang='lat' dir='ltr'>vide,</span> <span class='ocrx_word' id='word_1_85' title='bbox 782 1767 920 1828; x_wconf 91' lang='lat' dir='ltr'>quod</span> <span class='ocrx_word' id='word_1_86' title='bbox 944 1785 1064 1829; x_wconf 83' lang='lat' dir='ltr'>opus</span> <span class='ocrx_word' id='word_1_87' title='bbox 1086 1778 1154 1813; x_wconf 86' lang='lat' dir='ltr'>est</span> <span class='ocrx_word' id='word_1_88' title='bbox 1168 1802 1181 1825; x_wconf 88' lang='lat'>‚</span> <span class='ocrx_word' id='word_1_89' title='bbox 1203 1779 1260 1813; x_wconf 89' lang='lat' dir='ltr'>ut</span> 
     </span>
     <span class='ocr_line' id='line_1_19' title="bbox 120 1840 1162 1899; baseline 0 -11"><span class='ocrx_word' id='word_1_90' title='bbox 120 1840 251 1888; x_wconf 62' lang='lat' dir='ltr'>Rata</span> <span class='ocrx_word' id='word_1_91' title='bbox 288 1842 477 1888; x_wconf 84' lang='lat' dir='ltr'><strong>sternite</strong></span> <span class='ocrx_word' id='word_1_92' title='bbox 498 1842 670 1899; x_wconf 89' lang='lat' dir='ltr'>lectos,</span> <span class='ocrx_word' id='word_1_93' title='bbox 704 1841 945 1888; x_wconf 87' lang='lat' dir='ltr'><strong>incendite</strong></span> <span class='ocrx_word' id='word_1_94' title='bbox 980 1841 1162 1888; x_wconf 87' lang='lat' dir='ltr'>odores.</span> 
     </span>
     <span class='ocr_line' id='line_1_20' title="bbox 127 1912 1189 1961; baseline 0.001 -3"><span class='ocrx_word' id='word_1_95' title='bbox 127 1912 364 1959; x_wconf 87' lang='lat' dir='ltr'>Munditia</span> <span class='ocrx_word' id='word_1_96' title='bbox 392 1914 625 1960; x_wconf 86' lang='lat' dir='ltr'>inlecebra</span> <span class='ocrx_word' id='word_1_97' title='bbox 650 1915 810 1961; x_wconf 86' lang='lat' dir='ltr'>animo</span> <span class='ocrx_word' id='word_1_98' title='bbox 835 1926 903 1960; x_wconf 86' lang='lat' dir='ltr'>est</span> <span class='ocrx_word' id='word_1_99' title='bbox 928 1926 1189 1961; x_wconf 86' lang='lat' dir='ltr'>amantum.</span> 
     </span>
     <span class='ocr_line' id='line_1_21' title="bbox 129 1984 1291 2044; baseline 0.001 -13"><span class='ocrx_word' id='word_1_100' title='bbox 129 1984 325 2032; x_wconf 85' lang='lat' dir='ltr'>Amanti</span> <span class='ocrx_word' id='word_1_101' title='bbox 347 1987 603 2033; x_wconf 86' lang='lat' dir='ltr'>amoenitas</span> <span class='ocrx_word' id='word_1_102' title='bbox 624 1989 751 2033; x_wconf 87' lang='lat' dir='ltr'>malo</span> <span class='ocrx_word' id='word_1_103' title='bbox 772 1999 839 2033; x_wconf 89' lang='lat' dir='ltr'>est</span> <span class='ocrx_word' id='word_1_104' title='bbox 852 2021 866 2044; x_wconf 91' lang='lat'>‚</span> <span class='ocrx_word' id='word_1_105' title='bbox 886 1987 1025 2034; x_wconf 85' lang='lat' dir='ltr'>nobis</span> <span class='ocrx_word' id='word_1_106' title='bbox 1046 1989 1180 2033; x_wconf 81' lang='lat' dir='ltr'>lucro</span> <span class='ocrx_word' id='word_1_107' title='bbox 1210 1997 1291 2033; x_wconf 86' lang='lat' dir='ltr'>est.</span> 
     </span>
     <span class='ocr_line' id='line_1_22' title="bbox 132 2056 1400 2123; baseline 0.003 -21"><span class='ocrx_word' id='word_1_108' title='bbox 132 2056 227 2103; x_wconf 82' lang='lat' dir='ltr'>Sed</span> <span class='ocrx_word' id='word_1_109' title='bbox 250 2060 334 2105; x_wconf 91' lang='lat' dir='ltr'>ubi</span> <span class='ocrx_word' id='word_1_110' title='bbox 353 2061 431 2107; x_wconf 92' lang='lat' dir='ltr'>ille</span> <span class='ocrx_word' id='word_1_111' title='bbox 450 2073 515 2108; x_wconf 91' lang='lat' dir='ltr'>est</span> <span class='ocrx_word' id='word_1_112' title='bbox 528 2096 542 2118; x_wconf 82' lang='lat'><strong>,</strong></span> <span class='ocrx_word' id='word_1_113' title='bbox 564 2079 710 2122; x_wconf 89' lang='lat' dir='ltr'>quem</span> <span class='ocrx_word' id='word_1_114' title='bbox 728 2079 914 2123; x_wconf 86' lang='lat' dir='ltr'>coquus</span> <span class='ocrx_word' id='word_1_115' title='bbox 929 2074 1038 2109; x_wconf 84' lang='lat' dir='ltr'>ante</span> <span class='ocrx_word' id='word_1_116' title='bbox 1056 2063 1179 2108; x_wconf 83' lang='lat' dir='ltr'>aedis</span> <span class='ocrx_word' id='word_1_117' title='bbox 1197 2079 1290 2108; x_wconf 89' lang='lat' dir='ltr'>esse</span> <span class='ocrx_word' id='word_1_118' title='bbox 1309 2062 1400 2107; x_wconf 83' lang='lat' dir='ltr'>ait?</span> 
     </span>
     <span class='ocr_line' id='line_1_23' title="bbox 132 2127 1264 2194; baseline 0.007 -22"><span class='ocrx_word' id='word_1_119' title='bbox 132 2127 294 2189; x_wconf 89' lang='lat' dir='ltr'>Atque</span> <span class='ocrx_word' id='word_1_120' title='bbox 316 2147 480 2178; x_wconf 90' lang='lat' dir='ltr'>eccum</span> <span class='ocrx_word' id='word_1_121' title='bbox 508 2133 678 2190; x_wconf 85' lang='lat' dir='ltr'>video,</span> <span class='ocrx_word' id='word_1_122' title='bbox 705 2134 792 2194; x_wconf 89' lang='lat' dir='ltr'>qui</span> <span class='ocrx_word' id='word_1_123' title='bbox 816 2135 936 2180; x_wconf 87' lang='lat' dir='ltr'>mihi</span> <span class='ocrx_word' id='word_1_124' title='bbox 963 2146 1030 2180; x_wconf 86' lang='lat' dir='ltr'>est</span> <span class='ocrx_word' id='word_1_125' title='bbox 1053 2134 1184 2191; x_wconf 87' lang='lat' dir='ltr'>usui,</span> <span class='ocrx_word' id='word_1_126' title='bbox 1215 2146 1264 2180; x_wconf 92' lang='lat' dir='ltr'>et</span> 
     </span>
     <span class='ocr_line' id='line_1_24' title="bbox 133 2199 1265 2264; baseline 0.007 -21"><span class='ocrx_word' id='word_1_127' title='bbox 133 2199 399 2247; x_wconf 84' lang='lat' dir='ltr'>Plurimum</span> <span class='ocrx_word' id='word_1_128' title='bbox 423 2205 638 2264; x_wconf 83' lang='lat' dir='ltr'>prodest:</span> <span class='ocrx_word' id='word_1_129' title='bbox 666 2206 783 2262; x_wconf 85' lang='lat' dir='ltr'>item</span> <span class='ocrx_word' id='word_1_130' title='bbox 807 2206 920 2253; x_wconf 88' lang='lat' dir='ltr'>huic</span> <span class='ocrx_word' id='word_1_131' title='bbox 950 2207 1077 2253; x_wconf 78' lang='lat' dir='ltr'>ultto</span> <span class='ocrx_word' id='word_1_132' title='bbox 1102 2207 1183 2264; x_wconf 83' lang='lat' dir='ltr'>fit,</span> <span class='ocrx_word' id='word_1_133' title='bbox 1211 2217 1265 2252; x_wconf 90' lang='lat' dir='ltr'>ut</span> 
     </span>
    </p>
   </div>
   <div class='ocr_carea' id='block_1_11' title="bbox 134 2270 1213 2479">
    <p class='ocr_par' dir='ltr' id='par_1_12' title="bbox 134 2270 1213 2479">
     <span class='ocr_line' id='line_1_25' title="bbox 134 2270 1213 2341; baseline 0.008 -27"><span class='ocrx_word' id='word_1_134' title='bbox 134 2270 288 2339; x_wconf 83' lang='lat' dir='ltr'>Meret</span> <span class='ocrx_word' id='word_1_135' title='bbox 304 2305 318 2328; x_wconf 85' lang='lat'><strong>,</strong></span> <span class='ocrx_word' id='word_1_136' title='bbox 347 2275 628 2333; x_wconf 86' lang='lat' dir='ltr'>potissumus</span> <span class='ocrx_word' id='word_1_137' title='bbox 657 2290 839 2324; x_wconf 86' lang='lat' dir='ltr'>nostrae</span> <span class='ocrx_word' id='word_1_138' title='bbox 869 2279 1003 2324; x_wconf 90' lang='lat' dir='ltr'>domi</span> <span class='ocrx_word' id='word_1_139' title='bbox 1025 2289 1082 2325; x_wconf 91' lang='lat' dir='ltr'>ut</span> <span class='ocrx_word' id='word_1_140' title='bbox 1102 2278 1182 2324; x_wconf 84' lang='lat' dir='ltr'>sit:</span> <span class='ocrx_word' id='word_1_141' title='bbox 1206 2334 1213 2341; x_wconf 87' lang='lat'><em>.</em></span> 
     </span>
     <span class='ocr_line' id='line_1_26' title="bbox 135 2340 1021 2411; baseline 0.012 -24"><span class='ocrx_word' id='word_1_142' title='bbox 135 2340 279 2389; x_wconf 88' lang='lat' dir='ltr'>Nunc</span> <span class='ocrx_word' id='word_1_143' title='bbox 307 2360 419 2390; x_wconf 89' lang='lat' dir='ltr'>eum</span> <span class='ocrx_word' id='word_1_144' title='bbox 444 2347 611 2405; x_wconf 82' lang='lat' dir='ltr'>adibo,</span> <span class='ocrx_word' id='word_1_145' title='bbox 642 2352 854 2411; x_wconf 84' lang='lat' dir='ltr'>alloquar</span> <span class='ocrx_word' id='word_1_146' title='bbox 880 2353 1021 2397; x_wconf 85' lang='lat' dir='ltr'>ultro.</span> 
     </span>
     <span class='ocr_line' id='line_1_27' title="bbox 136 2414 1058 2479; baseline 0.01 -19"><span class='ocrx_word' id='word_1_147' title='bbox 136 2414 363 2462; x_wconf 88' lang='lat' dir='ltr'>Animule</span> <span class='ocrx_word' id='word_1_148' title='bbox 396 2417 490 2475; x_wconf 84' lang='lat' dir='ltr'>mi,</span> <span class='ocrx_word' id='word_1_149' title='bbox 519 2420 637 2465; x_wconf 76' lang='lat' dir='ltr'>mihi</span> <span class='ocrx_word' id='word_1_150' title='bbox 662 2422 778 2467; x_wconf 84' lang='lat' dir='ltr'>mira</span> <span class='ocrx_word' id='word_1_151' title='bbox 807 2422 1058 2479; x_wconf 82' lang='lat' dir='ltr'>videntur,</span> 
     </span>
    </p>
   </div>
  </div>
 </body>
</html>
