1618 2866
35 186 167 249 ηε
335 183 647 232 »Αετυε
698 184 756 232 ν.
807 183 911 233 sc.
958 185 1058 233 lx.
1226 196 1320 249 233

422 303 931 340 MESSENIO.

39 372 176 442 Quid
196 373 259 420 ais
286 373 373 419 tu?
417 374 815 432 Menaechmum,
853 376 1052 438 opinor,
1083 385 1133 423 te
1167 375 1325 424 vocari

293 446 487 493 dixeras.

199 539 863 578 MENAECHMUS
910 539 1145 592 surreptus.

40 603 290 652 Itavero.

420 686 932 724 MESSENIO.

137 759 265 806 Huic
285 758 402 806 item
428 751 743 805 Menaechmo
763 771 946 802 nomen
974 764 1054 800 est.
1077 752 1129 798 in
1146 749 1327 808 Sicilia,

40 833 115 880 Te
142 832 375 896 Syracusis
413 843 585 879 natum
624 848 716 878 esse
753 830 941 878 dixisti:
975 831 1053 876 hic
1090 839 1227 875 natus
1255 838 1324 873 est

38 979 292 1028 Moschum
302 905 408 1024 ¹{ilbi
442 989 626 1040 patrem
656 977 794 1024 fuisse
825 975 971 1023 dixti:
1010 976 1123 1022 huic
1153 973 1324 1020 itidem

38 1122 181 1170 Nunc
210 1050 406 1184 opeilziirti
437 1121 630 1183 potestis
657 1121 802 1168 ambo
835 1119 956 1167 mihi
988 1119 1098 1166 daxe
1114 1153 1129 1176 ,
1160 1128 1210 1163 et
1239 1133 1325 1163 vo-

290 1195 362 1241 bis
395 1194 551 1241 simul.

201 1288 1145 1345 MENAECHMUssurreptus.

38 1360 342 1407 Promeruisti
352 1392 371 1420 -,
398 1373 455 1408 ut
479 1377 543 1408 ne
565 1359 688 1422 quid
711 1377 839 1420 ores,
869 1362 1008 1424 quod
1032 1362 1147 1410 velis
1161 1395 1175 1419 ‚
1201 1360 1323 1422 quin

296 1428 513 1516 inpetres.

39 1505 311 1568 Tamquam
343 1509 380 1553 si
412 1508 578 1557 emeris
605 1523 685 1553 me
719 1518 943 1572 argento,
981 1508 1102 1555 liber
1136 1507 1321 1554 servibo

291 1579 396 1626 tibi.

423 1667 467 1700 M
500 1666 533 1699 Ε
571 1666 595 1700 s
631 1667 655 1701 s
690 1667 721 1700 Ε
756 1667 791 1700 N
821 1667 843 1700 1
879 1668 928 1700 o.

43 1731 157 1795 Spes
185 1733 306 1780 mihi
339 1745 407 1780 est
426 1769 441 1792 ,
470 1752 556 1782 vos
582 1736 859 1783 inventuros
894 1734 1051 1782 fratres
1080 1750 1327 1800 germanos

295 1806 415 1853 duos

43 1876 295 1938 Geminus,
322 1895 419 1925 una
439 1891 589 1927 matre
615 1892 781 1945 gnatos
797 1915 812 1939 ,
842 1891 890 1927 et
906 1890 1040 1942 patre
1073 1894 1171 1926 uno
1184 1913 1198 1936 ,
1223 1893 1324 1924 uno

298 1953 389 2001 die.

204 2049 871 2086 MENAECHMUS
916 2051 1150 2104 surreptus.

53 2111 174 2159 Mira
195 2131 439 2164 memmas-
469 2118 656 2165 utinam
680 2120 887 2177 efficete,
908 2119 1045 2181 quod
1061 2117 1298 2179 pollicitus
1311 2149 1327 2175 ,

297 2192 493 2252 possies!

427 2288 470 2320 M
504 2287 535 2321 Β
571 2289 594 2323 s
632 2289 655 2323 s
692 2290 723 2322 Ε
758 2290 794 2323 N
827 2290 849 2322 1
885 2290 935 2323 ο.

47 2347 269 2393 Possum:
303 2348 384 2393 sed
414 2366 545 2397 nunc
574 2354 711 2400 coite.
742 2364 947 2416 uterque
974 2353 1026 2399 id
1043 2388 1058 2411 ,
1092 2351 1229 2414 quod
1254 2367 1327 2397 10-

295 2422 448 2485 gabo,
481 2424 634 2471 dicite.
