1618 2866
250 154 341 215 598
709 151 1076 222 PERSA.·
1410 169 1534 216 v.94

246 260 370 308 Nam
399 261 498 325 jam
541 277 706 307 omnes
736 261 1062 324 sycophantias
1100 260 1297 307 instruxi
1336 272 1383 308 et
1416 278 1532 308 con-

500 349 658 394 paravl
679 368 692 390 ,

252 404 371 473 Quo
397 418 538 466 pacto
574 406 632 451 ab
663 406 838 450 lenone
865 404 1069 451 auferam
1092 405 1185 452 hoc
1206 416 1466 470 argentum.

574 494 596 531 's
635 498 670 530 A
708 496 740 530 G
775 497 810 530 A
845 498 879 531 R
913 498 934 531 1
971 497 992 530 s
1031 498 1062 531 T
1097 499 1119 532 1
1156 499 1204 532 ο.
1485 491 1488 494 “

1162 559 1321 605 Tanto
1348 561 1530 607 melior.

675 635 705 667 Τ
745 635 776 668 o
813 635 849 669 x
886 635 906 667 1
943 636 973 669 L
1009 636 1043 668 U
1081 635 1115 670 s.

247 694 311 742 Et
338 695 510 741 mulier
532 706 587 741 ut
615 695 672 741 sit
696 696 868 754 libera,
899 709 1042 759 atque
1068 699 1164 759 ipse
1193 699 1322 745 ultro
1353 699 1436 745 det
1457 715 1531 746 ar-

507 779 717 832 gentum.

246 840 342 902 Sed
365 857 562 904 sequete
587 857 691 886 me:
725 841 787 887 ad
820 857 923 887 eam
952 858 1055 886 rem
1080 858 1187 888 usus
1218 854 1285 888 est
1312 853 1393 889 tua
1411 843 1531 889 mihi

954 931 1111 976 opera.

565 1006 1196 1042 sAGARISTlo.

1164 1064 1532 1126 Utere,utvis.

531 1223 984 1281 ACTUS
1075 1224 1262 1282 III.

671 1347 1102 1396 SCENAJ.

439 1483 930 1528 SATURIO,
1001 1490 1320 1526 VIRGO.

671 1617 1117 1655 SATURIO.

250 1675 492 1833 QUAE
527 1754 597 1783 res
626 1738 750 1783 bene
773 1749 928 1784 vortat
957 1738 1074 1783 mihi
1106 1749 1152 1784 et
1184 1736 1272 1784 tibi
1301 1745 1348 1785 et
1372 1741 1525 1786 ventri

318 1836 329 1841 N
362 1815 366 1820 '
499 1828 608 1856 meo
626 1845 639 1867 ,

246 1884 651 1943 Perennitatisque
682 1883 802 1927 adeo
828 1882 938 1926 huic
962 1894 1196 1943 perpetuo
1221 1884 1361 1941 cibo,
1389 1876 1392 1878 v

245 1956 312 2002 Ut
338 1956 455 2002 mihi
480 1956 701 2017 supersit,
733 1965 951 2015 suppetat
967 1989 980 2011 ,
1007 1955 1296 2016 superstitet:

247 2028 456 2090 Sequere
480 2029 565 2077 hac
582 2061 595 2086 ,
625 2045 730 2074 mea
764 2038 902 2091 gnata
915 2042 935 2085 ,·
962 2043 1066 2085 me,
1093 2043 1207 2074 cum
1233 2029 1332 2075 Diis
1357 2031 1525 2077 volen-

501 2102 640 2147 tibus.

245 2176 378 2244 Quoi
409 2175 475 2220 rei
504 2192 648 2236 opera
682 2175 846 2233 detur,
874 2176 980 2232 scis,
1013 2185 1171 2231 teneS,
1202 2174 1453 2239 intellegis:

243 2248 591 2295 Conmunicavi
621 2259 781 2294 tecum
815 2248 1004 2295 consilia
1038 2249 1209 2294 omnia.

242 2321 311 2367 Ea
342 2336 494 2366 caussa
524 2321 582 2366 ad
617 2322 709 2367 hoc
741 2323 1016 2382 exemplum
1051 2332 1098 2367 te
1130 2323 1350 2371 exornavi
1385 2317 1487 2388 ego.

243 2394 438 2442 venibis
466 2406 520 2442 tu
554 2393 697 2441 hodie
713 2426 727 2453 ‚
753 2393 901 2458 virgo.
