1618 2866
283 173 344 235 38
633 169 1197 220 CURCULIQ
1455 188 1559 238 ις

281 279 457 345 Pugnis
487 292 587 323 rem
618 276 801 321 solvant
820 309 834 332 ‚
866 276 903 321 si
933 277 1039 337 quis
1064 288 1227 339 poscat
1253 278 1430 325 clarius.

286 353 388 423 Qui
411 352 560 397 homo
594 358 777 393 mature
807 347 1036 408 quaesivit
1059 350 1342 410 pecuniam,

283 427 383 473 Nisi
408 442 509 470 eam
532 433 716 468 mature
738 421 879 482 parsit
894 456 908 479 ‚
931 434 1115 469 mature
1140 425 1293 470 esurit.

286 500 443 560 Cupio
472 497 682 556 aliquem
716 511 871 541 emere
900 512 1133 556 puerum,
1158 498 1244 558 qui
1266 500 1496 547 usurarius

283 573 427 619 Nunc
450 569 569 616 mihi
599 579 861 630 quaeratur.
890 585 997 614 usus
1026 579 1093 614 est
1115 571 1331 631 pecunia.

661 667 689 699 c
727 667 762 700 U
798 667 831 700 R
869 666 897 698 c
935 665 970 697 U
1006 665 1037 699 1,
1070 666 1092 698 1
1128 666 1177 700 o.

287 740 369 786 Nil
392 749 448 785 tu
478 754 557 783 me
588 745 798 782 saturum
828 734 1097 780 monueris:
1129 735 1328 780 memini
1351 744 1399 781 et
1421 733 1530 781 scio.

286 815 391 878 Ego
421 813 514 859 hoc
550 810 773 856 effectum
801 809 958 870 lepide
984 809 1072 856 tibi
1097 809 1307 856 tradam:
1332 820 1448 855 tace.

286 887 475 948 Edepol
501 901 589 931 nae
618 900 704 948 ego
730 883 806 929 hic
832 899 911 929 me
942 883 1069 929 intus
1098 883 1286 944 explevi
1310 883 1490 944 probe,

287 959 350 1006 Et
385 957 585 1018 quidem
613 955 786 1016 reliqui
818 955 868 1001 in
897 966 1063 1001 ventre
1091 956 1234 1002 cellae
1259 956 1344 1002 uni
1369 957 1564 1014 locum,

288 1030 385 1077 Ubi
413 1029 720 1090 reliquiarum
744 1027 961 1088 reliquias
985 1027 1305 1076 reconderem.

290 1103 412 1173 Quis
443 1101 519 1147 hic
555 1111 650 1158 est,
678 1099 764 1161 qui
795 1110 962 1161 operto
989 1101 1142 1162 capite
1164 1100 1499 1163 Aesculapium

292 1175 509 1223 Salutat?
540 1175 664 1221 atat!
698 1190 847 1236 quem
875 1174 1192 1235 quaerebam:
1217 1173 1412 1236 seq'uere
1436 1190 1533 1220 me.

292 1248 539 1295 Simulabo
570 1247 703 1309 quasi
728 1263 829 1292 non
859 1247 1090 1293 noverim.
1113 1247 1230 1293 he'us
1259 1247 1337 1293 tu!
1367 1256 1415 1292 te
1437 1245 1564 1293 volo.

807 1340 838 1372 1.
875 1340 908 1372 Y
945 1340 973 1372 c
1011 1341 1060 1373 o.

295 1401 512 1448 Unocule
530 1434 544 1458 ,
572 1401 709 1446 salve.

672 1494 700 1526 c
735 1492 771 1525 U
807 1493 903 1537 R‚c
940 1494 976 1526 u
1010 1493 1040 1526 L
1076 1494 1097 1526 1
1133 1493 1182 1526 o.

761 1563 974 1632 Quaeso,
1003 1561 1246 1608 deridesne
1275 1562 1390 1608 me?

807 1657 1059 1690 LYco.

294 1724 369 1770 De
406 1723 646 1770 Coclitum
668 1723 880 1785 prosapia
907 1733 955 1768 te
984 1739 1076 1769 esse
1098 1722 1325 1788 arbitror:

294 1796 418 1841 Nam
443 1795 476 1841 ii
508 1806 618 1841 sunt
648 1795 859 1842 unoculi.

677 1887 1192 1923 CURCULIO.

825 1957 1073 2019 Catapulta
1089 1958 1182 2005 hoc
1198 1957 1350 2005 ictum
1372 1955 1427 2004 'st
1445 1956 1564 2002 mihi

293 2026 441 2092 Apud
466 2026 732 2094 Sicyonem.

817 2116 1064 2150 LYco.

773 2170 898 2229 Nar'n
930 2182 1049 2244 quid
1078 2182 1128 2229 id
1149 2182 1288 2230 refert
1314 2199 1451 2241 mea,

295 2253 373 2301 An
393 2256 499 2304 aula
526 2272 686 2319 quassa
715 2272 829 2303 curn
858 2257 1022 2318 cinere·
1038 2256 1225 2303 effossus
1246 2256 1364 2303 siet?

669 2349 695 2380 c
733 2348 768 2381 u
803 2348 837 2382 R
874 2349 901 2381 c
940 2347 976 2381 U
1011 2348 1041 2384 L
1075 2349 1096 2381 1
1135 2347 1184 2382 ο.

298 2411 650 2482 Superstitiosus
676 2413 754 2463 hic
781 2414 979 2477 quidem
999 2415 1079 2462 ’sta
1109 2431 1217 2463 vera
1238 2414 1497 2477 praedicat:
