1618 2866
217 191 282 234 44
574 152 1135 222 CURCULIQ
1394 182 1502 228 we

214 282 596 328 Conmonstrabo
615 316 628 338 ‚
658 298 759 342 quo
787 281 839 326 in
871 297 1118 344 quemque
1145 283 1393 331 hominem
1424 286 1493 332 fa·-

467 356 555 401 cile
589 354 834 400 inveniatis
860 354 999 412 loco,
1246 375 1256 379 “

212 424 287 472 Ne
304 426 453 472 nimio
480 442 623 487 opere
642 435 796 473 sumat
817 442 1036 488 operam,
1054 429 1090 474 si
1112 445 1261 491 quem
1281 447 1491 479 conven-

198 504 205 511 ‘
466 509 575 544 turn
603 499 752 555 velit,

213 576 305 624 Vel
339 578 591 636 vitiosum,
619 581 697 626 vel
726 580 825 626 sine
856 581 1005 628 vitio:
1041 583 1125 629 vel
1150 583 1388 645 probum,
1417 586 1500 631 vel

466 653 742 714 inprobum.

214 723 322 792 Qui
351 725 596 788 perjurum
625 727 881 773 convenire
911 730 1015 775 volt
1045 729 1295 775 hominem
1313 764 1328 788 ‚
1350 730 1496 781 mitto
1534 784 1537 786 ,

471 798 522 843 in
549 799 826 846 Comitium.

215 870 318 940 Qui
352 871 634 918 mendacem
674 885 721 920 et
751 875 1008 938 gloriosum
1029 910 1042 933 ,
1079 876 1210 939 apud
1244 876 1494 923 Cloacinae

471 960 665 990 sacrum.

213 1012 361 1070 Ditis,
395 1014 645 1062 damnosos
671 1020 862 1065 maritos
894 1018 982 1065 sub
1011 1019 1200 1066 Basilica
1227 1019 1466 1080 quaerito..

214 1086 403 1133 Ibidem
441 1101 581 1135 erunt
622 1104 769 1139 scorta
805 1095 989 1143 exoleta
1012 1128 1027 1151 ‚
1062 1093 1246 1155 quique
1283 1089 1494 1155 stipulari

473 1163 639 1208 solent.

216 1230 552 1294 Symbolarum
576 1236 836 1281 conlatores
855 1236 984 1298 apud
1008 1235 1167 1283 forum
1192 1235 1458 1298 piscarium.

215 1304 274 1349 In
290 1305 394 1351 foro
418 1306 586 1354 infimo
607 1306 724 1375 boni
749 1310 966 1357 homines
981 1344 1002 1367 ,
1017 1320 1163 1370 atque
1183 1309 1300 1359 dites
1320 1309 1493 1356 ambu-

472 1378 584 1422 lant.

213 1448 271 1493 In
289 1450 450 1495 medio
466 1461 661 1512 propter-
681 1448 905 1497 Canalem
917 1482 930 1506 ‚
950 1448 1019 1495 ibi
1036 1458 1339 1494 ostentatores
1355 1450 1488 1496 meri.

218 1527 549 1586 confidentes,
579 1529 846 1593 garrulique
862 1563 876 1586 ‚
909 1538 957 1575 et
985 1528 1206 1576 malevoli
1234 1544 1372 1589 supra
1397 1529 1494 1574 La--

466 1618 614 1657 cum,

217 1673 318 1743 Qui
348 1674 478 1719 alteri
518 1673 577 1718 de
610 1672 760 1719 nihilo
789 1671 1007 1718 audacter
1038 1670 1206 1716 dicunt
1233 1681 1486 1718 contume-

462 1748 602 1805 liam,

212 1821 273 1866 Et
298 1821 383 1881 qui
414 1820 502 1882 ipsi
532 1831 599 1866 sat
629 1819 834 1887 habent,
869 1818 1006 1880 quod
1035 1818 1087 1865 in
1117 1834 1164 1864 se
1187 1819 1332 1880 possit
1355 1834 1465 1865 vere

461 1894 616 1940 dicier.
1280 1952 1285 1956 .

210 1969 310 2016 Sub
343 1968 593 2015 Veteribus
610 2003 623 2024 ,
657 1967 724 2012 ibi
756 1977 867 2012 sunt
900 1966 986 2027 qui
1016 1965 1156 2025 dant,
1189 1965 1372 2027 quique
1406 1982 1480 2012 ac-

461 2041 646 2102 cipiunt
674 2039 882 2085 foenore.

205 2127 337 2172 Pone
351 2124 564 2181 Castoris,
579 2124 646 2170 ibi
658 2133 784 2180 sunt,
800 2121 958 2168 subito
974 2120 1148 2182 quibus
1166 2121 1320 2167 credas
1338 2122 1474 2168 male.

207 2199 266 2244 In
293 2198 450 2245 Tusco
473 2197 579 2242 vico
596 2231 612 2254 ‚
635 2196 703 2242 ibi
731 2208 842 2243 sunt
873 2196 1089 2243 homines
1105 2229 1120 2254 ‚
1152 2195 1238 2256 qui
1264 2195 1350 2256 ipsi
1381 2210 1475 2240 sese

453 2268 713 2315 venditant.

204 2342 265 2390 In
291 2341 496 2389 Velabro
527 2342 604 2387 vel
636 2341 891 2402 pistorem,
925 2340 1002 2388 vel
1035 2339 1218 2386 lanium
1234 2372 1249 2398 ,
1283 2339 1361 2386 vel
1392 2338 1476 2384 hae-

457 2414 691 2479 ruspicem
710 2447 725 2471 ,
