1618 2866
253 195 348 242 9ss
512 179 1274 229 ARGUMENTUM

252 296 471 342 Mercator
495 309 644 357 exspes
662 293 814 356 patria
832 290 996 356 fugere
1031 291 1241 340 destinat:

249 367 505 412 Prohibetur
540 383 567 410 a
603 365 776 413 sodale,
809 366 884 427 qui
905 376 1078 428 patrem
1110 364 1230 410 illius

254 439 367 484 Orat
396 455 471 483 suo
500 454 594 483 cum
619 449 776 502 patre,
816 448 917 482 nato
951 449 1002 482 ut
1027 436 1202 483 cederet.

312 608 1478 674 ALIUDARGUMENTUM

610 708 1199 776 CAMERAnlL‘

308 858 443 904 ARG
461 867 598 902 UME
614 864 754 901 NTU
763 864 811 899 M
849 852 975 919 lzujus
994 854 1183 918 fabulae
1199 855 1342 920 futile
1372 869 1418 904 et
1433 857 1532 921 fla-

242 933 451 994 gitiosum
484 941 560 974 est.
596 926 964 1001 Quemadmodum
985 938 1129 973 autem
1145 929 1343 992 prodest,
1369 948 1531 979 venena

244 1018 350 1051 nota
379 1019 495 1050 esse»,
538 1013 902 1065 utrespuantur:
938 1003 1003 1047 ita
1041 1003 1151 1048 talia
1185 1003 1284 1050 dum
1318 1005 1529 1067 legimus,

243 1077 465 1124 exsecrari
501 1074 706 1119 debemus.
747 1073 835 1118 Sed
867 1089 996 1136 neque
1023 1091 1183 1121 venena
1217 1077 1330 1121 nulli
1350 1094 1530 1141 prorsus

241 1151 341 1196 usui
371 1160 502 1194 sunt;
545 1159 587 1192 et
621 1147 724 1191 haec
762 1147 822 1192 ad
856 1147 1163 1211 turpitudinem
1184 1147 1449 1212 fugiendam
1484 1162 1527 1196 et

242 1220 546 1268 convertendos
579 1221 740 1265 animos
771 1219 830 1264 ad
863 1221 1053 1265 timorem
1085 1219 1177 1266 Dei
1187 1255 1204 1269 ,
1231 1221 1401 1267 adsumi
1423 1239 1528 1288 pos-

239 1309 356 1342 sunt.
394 1294 677 1340 Producitur
709 1310 839 1338 senex
859 1295 1066 1343 immitis,
1106 1306 1148 1340 et
1176 1307 1317 1342 tamen
1343 1296 1526 1343 dissolu-

239 1382 343 1416 tus.-
380 1370 558 1429 itemque
600 1367 712 1410 alter
751 1366 852 1412 levis
893 1378 1019 1428 atque
1050 1369 1178 1413 iners.
1214 1368 1306 1414 Hic
1342 1371 1536 1433 iniquior-

236 1446 283 1490 in
298 1442 452 1506 filium
460 1439 714 1507 juveniliter
731 1449 1004 1502 peccantem,
1026 1443 1164 1487 saevis
1184 1442 1312 1487 dictis
1336 1444 1459 1488 illum
1477 1445 1524 1490 in

236 1526 474 1561 mercatum
507 1513 658 1573 abigit.
702 1510 797 1584 Qui
827 1527 1018 1556 reversus
1045 1513 1295 1558 ancillulam
1330 1515 1525 1561 adduxe-

234 1600 331 1653 rat,
357 1604 484 1650 quam
513 1586 647 1631 animi
673 1601 825 1629 caussa
853 1583 934 1628 sibi
958 1597 1203 1647 paraverat.
1238 1585 1371 1632 Hanc
1386 1590 1524 1634 visam

237 1677 387 1708 amare
409 1659 548 1704 Senex
574 1658 723 1721 coepit,
749 1668 791 1701 et
809 1667 999 1701 amatam
1015 1659 1229 1722 praeripit
1250 1669 1391 1704 astute
1396 1660 1520 1722 filio,

234 1735 424 1794 allegato
449 1747 546 1776 sene
574 1732 733 1789 amico,
756 1730 831 1791 qui
855 1729 976 1772 illam
991 1741 1376 1792 praemercaretur.
1399 1729 1520 1775 Nam

232 1819 279 1852 et
312 1821 436 1850 suum
460 1802 659 1859 ..sodalem
702 1800 940 1845 adolescens
979 1801 1263 1865 suborn‘arat,
1307 1813 1358 1847 ut
1394 1801 1517 1865 illam

229 1890 400 1926 emeret.
439 1876 594 1921 Postea
620 1874 807 1919 adducta
834 1875 1011 1919 muliere
1044 1878 1087 1921 in
1119 1876 1240 1937 aedes
1264 1877 1375 1922 senis
1407 1878 1518 1923 vici-

230 1955 305 2001 ni,
338 1963 382 1996 et
405 1948 623 1994 conductis
653 1948 761 1991 cocis
795 1946 853 1991 ad
876 1963 1046 1991 coenam
1075 1947 1353 2010 coquendam,
1387 1946 1515 1995 adve'-

228 2030 299 2075 nit
329 2026 446 2071 illius
476 2023 599 2068 Senis
635 2037 773 2068 uxor,
810 2031 852 2064 et
882 2019 1029 2064 turbas
1062 2033 1226 2068 movet:
1262 2033 1304 2068 et
1341 2021 1538 2078 tandem.

228 2118 297 2150 res
316 2116 399 2164 per
428 2097 708 2145 adolescentes
740 2095 1014 2158 componitur.

630 2270 1115 2291 pam——
