1618 2866
215 163 314 226 486
442 156 1240 208 MOSTELLARIA.
1339 176 1498 223 v.113

516 281 1221 321 PHILOLACH.ES.

221 356 335 404 Non
365 354 531 401 videor
560 353 728 399 vidisse
754 353 913 398 lenam
944 351 1234 399 callidiorem
1261 353 1408 400 ullam
1436 353 1506 398 al-

480 438 643 472 teram.

224 502 289 549 Ut
320 501 480 563 lepide
514 511 661 561 atque
685 510 834 545 astute
854 498 904 544 in
927 508 1145 546 mentem
1170 497 1305 544 venit
1330 497 1390 544 de
1407 513 1511 560 spe-

480 576 589 621 culo
621 575 797 620 malae!

521 671 1251 713 PHILEMATIUM.

225 744 446 794 Etiamne
475 741 730 806 unguentis
759 739 1071 805 unguendam
1098 740 1291 786 censes?

687 842 710 875 S
748 843 776 874 C
812 842 847 875 A
881 843 909 876 P
947 842 982 876 H
1019 843 1068 877 A.

1111 905 1314 952 Minime·
1346 904 1519 951 feceris.

520 1003 1249 1038 PHILEMATIUM.

236 1071 579 1144 Quapropter?

694 1157 716 1191 S
756 1159 782 1191 C
821 1157 856 1191 A
891 1158 919 1191 P
958 1157 992 1190 H
1028 1157 1077 1190 A.

325 1229 455 1299 Quia
474 1240 650 1275 ecastor
670 1227 840 1274 mulier
867 1237 993 1273 recte
1018 1227 1116 1274 olet
1129 1259 1143 1283 ,
1164 1225 1251 1271 ubi
1270 1224 1391 1271 nihil
1414 1224 1538 1270 olet.v

240 1303 365 1351 Nam
402 1303 540 1348 istaec
581 1313 760 1348 veteres
780 1335 794 1358 ‚
836 1317 960 1361 quae
996 1316 1043 1345 se
1077 1299 1334 1363 unguentis
1368 1297 1527 1344 uncti-

499 1385 631 1430 tant‚
670 1373 952 1434 interpoles‚
991 1421 996 1426 ,

243 1447 447 1497 Vetulae
463 1483 476 1505 ‚
498 1446 751 1492 edentulae
765 1480 779 1503 ‚
801 1460 924 1506 quae
946 1444 1060 1490 vitia
1087 1444 1294 1506 corporis
1315 1443 1428 1491 fuco
1453 1460 1535 1490 oc·-

499 1522 669 1567 culunt
685 1552 699 1576 ,

244 1597 344 1644 Ubi
374 1612 468 1642 sese
485 1595 629 1641 sudor
654 1606 767 1641 cum
792 1592 1047 1658 unguentis
1063 1591 1379 1647 consociavit,
1400 1590 1528 1636 illico

247 1668 424 1716 Itidem
455 1669 613 1723 olent,
649 1666 780 1727 quasi
809 1683 963 1727 quom
995 1681 1091 1711 una
1115 1665 1268 1711 multa
1288 1663 1396 1728 jura
1415 1670 1534 1710 'con-

503 1739 664 1785 fundit
697 1757 850 1786 cocus».

252 1813 389 1884 Quid
416 1804 574 1858 oleant
591 1814 762 1859 nescias
778 1846 792 1870 ,
827 1813 915 1858 nisi
937 1812 987 1858 id
1006 1828 1160 1858 unum
1175 1845 1190 1869 ‚
1219 1821 1275 1856 ut
1291 1810 1414 1855 male
1435 1810 1535 1855 ole-

505 1902 555 1932 re
585 1886 837 1949 intellegas,

549 1981 1263 2019 PHILOLACHES.

257 2059 322 2107 Ut
350 2058 577 2121 perdocte
605 2066 777 2103 cuncta
814 2055 973 2100 callet!
1007 2051 1126 2098 nihil
1162 2051 1248 2096 hac
1280 2049 1420 2096 docta
1452 2048 1542 2096 do-

513 2142 645 2176 ctlus.

187 2240 193 2244 -
259 2204 441 2257 Verum
466 2204 586 2250 illud
613 2214 706 2260 est,
736 2217 1057 2262 maxumaque
1089 2198 1206 2245 adeo
1229 2214 1332 2259 pars
1363 2207 1541 2244 vostro-

513 2294 623 2323 rum
654 2275 912 2339 intellegit,

263 2351 455 2423 Quibus
481 2368 596 2401 anus
629 2350 761 2396 domi
788 2360 899 2395 sunt
923 2364 1091 2395 uxores
1109 2381 1122 2404 ‚
1157 2361 1280 2407 quae
1308 2359 1391 2390 vos
1426 2339 1543 2385 dote

515 2435 806 2473 meruerunt.
