1618 2866
107 233 238 279 ιη
424 213 715 291 Aea-us
763 214 801 260 r.
851 211 1053 261 scr.
1323 213 1387 270 85>

492 332 999 369 THESPRIO.

115 405 397 466 Numquam
419 403 667 449 hominem
686 419 982 463 quemquam
1004 400 1232 458 conveni,
1254 397 1390 445 unde

363 475 559 521 abierim
585 474 839 520 lubentius.

510 564 998 598 EPIDIGUS.

117 633 219 679 mic
243 632 356 678 hinc
385 631 527 677 abiit:
555 631 691 676 solus
708 646 754 675 es
770 645 916 675 nunc.
946 630 1119 691 quoin
1139 630 1248 676 loco
1273 629 1391 675 haec

306 712 315 717 '
363 721 433 751 res
464 705 522 750 sit
537 738 551 760 ‚
579 703 715 749 vides
728 737 744 760 ,

118 776 339 839 Epidice:
364 775 452 822 nisi
477 774 598 836 quid
625 774 712 821 tibi
737 774 789 820 in
814 784 912 820 tete
933 774 1178 832 auxili-’st‚
1200 774 1393 820 absum-

366 858 443 894 tus
475 863 534 893 es.
914 852 917 853 ’

118 919 297 967 Tantae
320 920 372 966 in
392 930 441 966 te
464 918 730 981 inpendent
750 918 940 978 ruinae,
967 920 1056 965 nisi
1080 918 1287 966 suffulcis
1314 918 1393 963 fix-

229 980 241 992 ’
366 993 506 1039 miter
524 1027 539 1049 ,

117 1064 231 1111 Non
250 1075 386 1127 potes
411 1064 654 1109 subsistere
665 1097 682 1120 a
701 1063 866 1123 itaque
884 1063 941 1108 in
957 1073 1013 1108 te
1029 1061 1231 1108 imuunt
1250 1077 1394 1107 mon-

370 1149 439 1183 tes
467 1137 592 1182 mali.
931 1146 949 1150 ⁸

121 1211 294 1272 Neque
311 1244 326 1267 ,
354 1226 442 1274 ego
471 1225 603 1255 nunc
630 1207 883 1270 quomodo
911 1222 991 1254 me
1019 1207 1298 1269 expeditum
1334 1223 1396 1254 ex

378 1283 594 1344 inpedito
630 1283 795 1328 faciam
809 1317 824 1339 ‚

126 1355 389 1402 Consssium
416 1357 582 1417 placet.
620 1371 708 1420 ego
741 1355 881 1401 miset
914 1354 1104 1416 perpuli
1129 1353 1247 1399 meis
1275 1352 1395 1399 dolis

377 1444 537 1475 senem
555 1462 570 1485 ,
1426 1488 1428 1490 Ι

125 1501 191 1547 Ut
216 1511 421 1548 censeret
450 1518 583 1547 suam
608 1517 703 1547 sese
733 1517 891 1548 emere
918 1502 1077 1548 filiam.
1107 1501 1144 1546 is
1174 1518 1261 1547 suo
1292 1500 1391 1546 filio

126 1575 385 1621 Fidicinam
414 1577 555 1634 emit,
581 1593 729 1637 quam
757 1577 856 1637 ipse
883 1587 1039 1634 amat,
1062 1592 1210 1637 quam
1236 1575 1402 1620 abiens*

381 1649 624 1695 mandavit
656 1648 790 1694 mihi.
1208 1680 1213 1684 -

126 1721 172 1767 Is
198 1721 291 1770 sib'r
302 1712 433 1769 nunc
460 1725 651 1768 alteram
681 1722 742 1768 ab
769 1722 974 1793 legione
986 1721 1189 1769 adduxit
1218 1722 1370 1767 an'nm

129 1792 305 1840 Caussa.
332 1794 516 1840 corium
538 1793 754 1855 perdidi.
773 1809 887 1839 nam
904 1782 991 1839 ubi
1008 1809 1153 1839 senex
1175 1792 1366 1838 senserit

126 1862 227 1910 Sibi
259 1865 367 1912 data
407 1881 500 1910 esse
536 1865 710 1923 vetba,
749 1865 888 1929 virgis
924 1864 1119 1911 dorsum
1162 1864 1381 1926 depoliet

383 1953 562 1984 meum.

135 2007 198 2054 At
226 2010 355 2057 enim
379 2022 435 2058 tu
463 2026 698 2071 praecave.
729 2010 849 2056 nihil
867 2020 935 2056 est
961 2010 1094 2056 istuc.
1122 2010 1269 2070 plane
1286 2009 1387 2054 hoc

388 2095 678 2145 conruptum
693 2084 748 2130 ’st
764 2094 921 2145 caput.

138 2147 372 2212 Nequam
386 2154 536 2201 homo
572 2172 644 2212 es,
673 2155 891 2217 Epidice.
927 2154 1015 2215 qui
1044 2154 1134 2200 tibi
1166 2152 1317 2199 libido
1349 2153 1407 2197 ’st

391 2229 514 2273 male
543 2229 719 2289 loqui?

141 2297 268 2366 Quia
285 2307 387 2343 tute
401 2310 449 2344 te
467 2300 643 2347 deseris.
665 2301 785 2364 quid
802 2301 999 2348 faciam?
1023 2301 1148 2347 men'
1169 2311 1224 2345 tu
1242 2296 1413 2360 rogas?

141 2369 219 2416 Tu
258 2368 454 2430 quidem
485 2374 681 2421 antehac
715 2375 811 2421 aliis
846 2374 1023 2421 solebas
1062 2373 1171 2418 dare
1209 2368 1404 2415 consilia

400 2453 582 2489 mutua.

1128 2506 1227 2564 Fa
