1618 2866
1233 196 1323 259 ⁵ss

242 382 287 430 A
326 381 370 429 R
417 381 464 428 G
511 379 554 427 U
601 377 656 425 M
700 378 742 426 Ε
789 377 836 425 Ν
884 377 930 424 Τ
978 377 1022 425 U
1067 376 1123 425 M

359 520 459 584 (Ut
489 518 775 582 quibusdam
798 517 1020 579 videtur)

441 651 932 696 PRISCIANI.

122 783 470 830 PROFECTo
509 779 671 824 domino
695 796 797 825 suos
832 795 993 824 amores
1033 778 1216 826 Toxilus

55 857 197 905 Emit,
226 866 351 918 atque
380 866 530 901 curat
560 853 649 898 leno
686 845 735 898 ut
759 856 930 898 emittat
954 868 1100 897 manu.

53 931 316 993 Raptamque
343 939 391 972 ut
426 937 577 971 emeret
604 925 652 970 de
670 926 882 989 praedone
907 926 1146 989 virginem

56 1001 300 1047 Subornata
330 999 482 1044 suadet
509 999 578 1042 sui
602 999 791 1060 parasiti
802 997 947 1060 filiai

60 1074 196 1135 Atque
228 1074 293 1116 ita
320 1069 708 1127 intricatumsudit
725 1080 884 1133 potans
912 1067 1170 1114 Dordalum.

126 1183 1313 1274 ALIUDARGUMENTUM⁵

425 1353 958 1396 CAMERARII.

127 1473 465 1523 'ARGUMEN
478 1487 616 1523 TUM
639 1477 825 1541 fabulae
853 1489 917 1531 est
940 1478 1078 1526 exile,
1109 1469 1337 1529 amatio'nis

63 1549 255 1594 servilis.-
288 1559 331 1593 et
346 1551 535 1614 jocosum
561 1566 611 1594 ac
626 1550 854 1613 plausibile
881 1551 924 1594 in
950 1548 1132 1594 Lenonis
1154 1550 1338 1593 circum-

62 1623 267 1669 ventione.
301 1619 447 1665 Etiam
478 1623 742 1684 parasiticae
778 1620 963 1665 leuitatis
1006 1620 1342 1678 exagitationem

62 1695 268 1739 continet,
297 1692 395 1736 dum
410 1692 583 1737 Saturio
600 1694 751 1756 filiam
767 1709 888 1737 suam
903 1726 917 1739 ,
947 1691 1029 1735 cibi
1052 1707 1229 1738 caussa,
1250 1707 1334 1735 non

67 1765 236 1810 dubitat
264 1764 453 1810 vendere.
475 1764 704 1825 Josephus
729 1765 888 1822 Justus
908 1762 1105 1825 Scaliger
1129 1762 1341 1807 Animad-

66 1855 171 1885 vers.
216 1840 260 1885 in
301 1836 560 1885 Eusebium,
596 1855 643 1902 p.
687 1839 787 1883 130.
828 1836 1006 1883 Constat
1033 1837 1241 1883 hominem
1279 1854 1336 1883 ex

59 1908 240 1958 ‚Perside
264 1900 430 1978 Περσην
462 1911 577 1960 dici,
616 1923 658 1956 et
683 1912 839 1958 Latine
867 1911 1066 1956 Persam.
1100 1913 1162 1955 sic
1194 1910 1336 1956 Poeta

73 1982 284 2035 Graecus,
313 1989 481 2051 quisque
509 1986 685 2051 isfuit,
710 1987 818 2032 unde
844 1987 1029 2031 Plautus
1048 1984 1232 2029 Persam
1250 1983 1337 2046 fa·-

72 2056 211 2102 bulam
234 2076 354 2105 suam
378 2063 536 2110 vertit
565 2063 655 2106 sine
678 2061 763 2106 ullo
795 2060 914 2105 dubio
932 2050 1098 2124 Πέρσην
1124 2058 1282 2103 illam
1265 2075 1335 2103 zn-

70 2130 325 2191 scripserat
357 2144 399 2176 et
428 2146 538 2178 recte
564 2133 749 2178 Plautus
764 2135 900 2178 'vertit
918 2133 1115 2177 Persam.
1139 2131 1209 2177 Ibi
1227 2133 1338 2177 enim

72 2199 300 2245 Parasitus
316 2220 396 2265 pro
424 2205 585 2251 homine
602 2205 736 2249 Persa
761 2203 989 2248 inducitur.
1012 2204 1074 2249 Ac
1094 2220 1233 2249 omnes
1252 2203 1341 2254 edi-

76 2273 206 2317 tiones
227 2289 334 2336 prae
354 2291 396 2318 se
404 2275 766 2337 feruntPersam
787 2275 1013 2338 virginem
1027 2277 1176 2339 filiam
1198 2275 1343 2320 Para‹

74 2345 151 2389 siti
183 2355 376 2391 vocatam
399 2345 555 2407 fuisse.
604 2348 647 2393 T
644 2349 805 2393 ollatur
837 2365 934 2410 ergo
969 2349 1177 2399 delirium.
1222 2348 1342 2399 Nam

75 2415 211 2462 Persa
237 2428 300 2462 est
330 2433 474 2485 nomen
488 2421 752 2480 gentilitium
767 2422 915 2471 virile,
946 2439 1025 2469 non
1036 2422 1310 2485 femininum.

990 2493 1035 2537 N
1052 2508 1083 2535 11
1116 2507 1143 2551 3
