1618 2866
212 172 314 223 ,¹206
476 164 1214 214 MENAECHMEI.
1378 183 1507 230 v.33

710 281 734 317 S
770 283 801 316 E
838 283 870 317 N
909 282 940 316 E
976 283 1028 318 X.

418 345 557 417 Quid
589 346 709 393 istuc
738 356 902 393 autem
929 346 1032 392 est?

662 440 1056 476 MULIER.

1012 503 1247 552 Ludibrio
1262 539 1277 565 ,
1313 515 1446 570 pater
1459 538 1478 565 ‚

218 570 429 620 Habeor.
726 629 731 633 .

707 646 729 680 s
765 648 796 680 E
831 647 867 682 N
900 647 930 680 E
967 647 1019 682 Χ.

348 700 488 749 Unde
506 699 529 746 Ξ)

669 778 712 811 Μ
750 777 786 810 U
821 778 852 811 L
886 778 909 810 1
943 777 974 810 Ε
1011 778 1058 812 R.

430 839 509 887 Ab
535 839 644 897 isso,
678 837 799 900 quoi
827 854 908 886 me
934 838 1244 900 mandavisti,
1264 858 1378 890 meo
1395 844 1515 891 viro.

710 937 733 972 s
769 938 800 972 Ε
835 938 870 972 Ν
905 939 935 972 Ε
972 939 1023 972 Χ.

217 1001 342 1049 Ecce
358 1011 521 1046 autem
539 998 762 1063 litigium.
796 999 1020 1060 quotiens
1040 999 1169 1046 edixi
1181 1000 1378 1048 tandem
1395 1002 1514 1060 tibi,
1568 1000 1577 1002 ”

219 1074 287 1122 Ut
325 1089 543 1131 caveres,
589 1082 761 1119 neuter
803 1071 866 1118 ad
897 1088 978 1119 me
1021 1072 1146 1120 iretis
1192 1090 1307 1122 cum
1350 1076 1512 1137 queri-

474 1147 677 1194 monia?

656 1242 700 1274 M
736 1241 771 1274 U
807 1240 839 1273 L
874 1241 897 1274 1
930 1240 961 1274 E
997 1241 1046 1275 R.

222 1302 325 1372 Qui
356 1318 444 1366 ego
468 1302 618 1360 istuc,
640 1301 709 1348 mi
731 1312 892 1362 pater,
925 1317 1088 1349 cavere
1121 1299 1357 1364 possum?

713 1401 736 1435 s
772 1402 803 1434 Ε
836 1402 870 1436 Ν
905 1402 936 1435 Ε
972 1404 1024 1437 Χ.

1078 1455 1207 1502 Men’
1227 1456 1480 1520 interrogas
1492 1452 1516 1500 Ρ
1595 1438 1618 1487 '3

665 1539 707 1572 M
747 1537 782 1571 U
816 1538 848 1571 L
882 1538 905 1572 1
941 1539 972 1572 E
1008 1540 1057 1573 R.

221 1592 323 1640 Nisi
351 1608 454 1639 non
480 1592 563 1640 vis.

713 1669 736 1704 s
775 1669 806 1703 E
840 1669 876 1704 N
909 1668 940 1702 E
975 1668 1028 1703 Χ.

402 1739 644 1810 Quotiens
672 1738 932 1803 monstravi
959 1738 1075 1797 tibi,
1109 1739 1212 1787 viro
1242 1748 1300 1785 ut
1327 1754 1515 1788 morem

1285 1815 1450 1879 geras?

223 1891 367 1961 Quid
393 1891 472 1938 ille
492 1891 655 1949 faciat,
686 1907 748 1937 ne
774 1889 827 1936 id
850 1882 1092 1938 observes:
1126 1906 1229 1953 quo
1249 1901 1349 1939 eat:
1389 1890 1512 1954 quid
1575 1937 1595 1950 ,Ἰ

478 1981 639 2012 rerum
664 1974 806 2029 gerat.

675 2064 718 2098 M
755 2062 792 2096 U
826 2062 856 2096 L
891 2062 915 2095 1
948 2061 978 2094 Ε
1013 2062 1062 2095 R.

225 2135 290 2184 At
308 2135 438 2182 enim
456 2135 535 2181 ille
549 2135 661 2181 hinc
685 2143 812 2180 amat
829 2129 1126 2179 meretricem
1145 2144 1205 2176 ex
1221 2143 1480 2192 proxumo.

713 2232 736 2266 s
772 2231 802 2264 Ε
837 2230 873 2264 N
908 2229 938 2263 Ε
975 2229 1026 2263 Χ.
1462 2276 1470 2280 p

1219 2280 1340 2328 Sane
1364 2279 1510 2342 sapit,

224 2356 389 2423 Atque
418 2358 484 2407 ob
513 2357 659 2403 istanc
686 2354 969 2402 industriam
984 2388 999 2414 ,
1029 2354 1172 2402 etiam
1197 2353 1309 2401 faxo
1331 2350 1509 2401 amabit
1574 2359 1575 2362 ’

479 2430 695 2497 amplius.
1302 2442 1305 2445 ·
