1618 2866
1305 163 1400 216 337.

287 280 1218 373 AR-GUMENTUM.

174 483 232 530 M
238 494 274 529 E
288 491 370 527 RE
386 489 506 525 ΤΗΙ
518 487 656 524 CEM
684 476 917 537 ingenuam
940 474 1159 538 deperibat
1180 486 1331 524 mutuo

112 553 385 602 Atheniensis
403 551 591 618 juvenis.
620 547 903 612 Naupactum
936 549 973 592 is
1004 547 1123 592 domo

86 614 311 689 'Legatus
339 625 476 670 abiit:
505 621 627 667 miles
648 622 694 666 in
729 619 917 666 eamdem
948 619 1116 665 incidit.

116 699 337 766 Deportat
361 696 573 761 Ephesum
600 695 795 741 invitam.
821 709 962 739 servos
991 694 1159 743 Attici.

121 772 183 818 Ut
210 773 433 818 nuntiaret
461 769 627 815 domino
648 766 862 831 factum,
893 769 1107 829 navigat,

119 845 332 911 Capitur,
368 844 554 890 donatur
579 843 651 887 illi
679 854 831 906 captus
857 842 1003 887 militi.

60 912 64 915 ’
115 919 191 965 Ad
219 919 396 966 herum,
430 930 480 963 ut
507 918 673 963 veniret
692 914 936 979 Ephesum,
967 916 1131 961 scribit.
1166 917 1342 964 advolat

117 990 375 1038 Adulescens
391 1025 406 1038 .
440 1002 567 1052 atque
599 992 644 1033 in
668 1005 878 1052 proxumo
907 988 1138 1043 d1320rtitur

119 1065 252 1130 Apud
277 1064 482 1128 hospitem
500 1074 746 1126 paternum.
775 1062 960 1107 medium
984 1065 1201 1127 parietem

97 1135 322 1199 ‘Perfodit
351 1150 513 1180 servos,
551 1143 807 1177 commeatus
835 1132 1080 1178 clanculum

123 1208 229 1283 Qua
239 1207 367 1271 foret
393 1218 627 1252 amantum.
663 1207 883 1266 geminam
900 1208 1079 1269 fingit:
1109 1207 1303 1254 mulieris

122 1281 318 1325 Sororem
349 1279 415 1322 ait
437 1294 536 1322 esse.
569 1294 677 1330 moa<
696 1279 736 1322 ei
761 1276 954 1329 dontinus
986 1278 1156 1324 aedium

126 1351 262 1397 Suam
283 1350 485 1396 clientum
513 1350 834 1395 sollicitandum
860 1350 921 1396 ad
939 1351 1123 1397 militem

127 1423 354 1469 Subornat.
384 1425 554 1487 capitur
582 1423 685 1472 ille,
719 1436 865 1488 sperat
892 1426 1092 1488 nuptias,

127 1495 333 1543 Dimittit
358 1493 659 1546 concubinmn'.
689 1509 732 1543 et
752 1497 948 1543 moechus
975 1499 1168 1562 vapulat.

319 1645 1212 1695 ARGUMENTUM

436 1775 535 1838 (Ut
568 1775 855 1837 quibusdam
879 1775 1104 1838 videtur)

522 1902 553 1943 P
580 1902 619 1943 R
644 1902 664 1942 I
680 1902 717 1943 ,S
743 1901 781 1943 C
805 1901 827 1942 I
852 1901 894 1942 A
917 1901 958 1942 Ν
982 1901 1015 1942 I.

202 2018 608 2068 MERETRICEM
638 2021 821 2068 Athenis
844 2020 1056 2085 Ephesum
1084 2021 1207 2068 miles
1229 2022 1383 2070 avehit.

140 2090 198 2137 ld
227 2091 323 2136 hero
347 2093 445 2138 dum
475 2096 642 2139 amanti
669 2111 809 2141 servos
843 2096 1045 2139 nuntiare
1068 2095 1159 2140 volt

142 2162 305 2222 Legato
327 2180 527 2226 peregre.
559 2183 667 2231 capu
693 2168 747 2212 'st
771 2169 887 2231 ipsus
915 2170 959 2212 in
986 2168 1128 2214 mari,

84 2230 91 2239 “
141 2233 202 2279 Et
231 2233 299 2277 illi
326 2235 455 2280 eidem
478 2239 610 2283 militi
634 2240 737 2286 dono
770 2240 875 2285 datu
897 2241 964 2285 'st.

143 2305 278 2350 Suum
312 2310 487 2352 arcessit
515 2309 660 2356 herum
684 2311 890 2360 Athenis,
926 2324 969 2356 et
981 2310 1112 2374 forat

150 2376 342 2427 Geminis
370 2394 625 2426 communem
654 2383 765 2429 clam
779 2385 991 2447 parietem
1018 2385 1062 2429 in
1096 2379 1294 2443 aedibus,

217 2447 306 2495 Vol.
340 2450 407 2497 II.
1127 2452 1169 2495 Y
