1618 2866
259 233 348 268 100
603 212 1135 263 EPIDICUS.
1403 230 1530 274 v.7o

579 335 608 368 P
645 335 674 366 E
713 336 746 368 R
780 335 802 367 Ι
835 333 863 367 Ρ
903 333 937 366 H
972 333 1007 366 A
1043 334 1078 368 N
1113 334 1144 367 Ε
1181 331 1220 367 S.

252 398 390 469 Quid
421 412 507 462 ego
530 396 695 442 faciam
717 397 885 442 nunc?
914 395 1164 470 consiliurgr
1193 412 1219 442 a
1247 405 1295 442 te
1314 407 1527 458 expetes-

503 487 581 527 so,
617 469 892 531 Apoecides.

602 564 637 597 A
671 563 699 595 P
737 564 767 596 Ο
805 563 834 596 Ε
872 563 898 595 C
934 563 954 595 I
990 564 1026 596 D
1064 563 1094 596 E
1132 563 1168 598 S.

250 625 554 688 Reperiamus
581 622 764 683 aliquid
791 622 928 668 calidi
950 623 1261 670 conducibilis
1284 624 1460 674 consili.

250 699 374 745 Nam
391 698 469 742 ille
489 695 685 757 quidem
701 705 783 740 aut
794 695 895 759 jam
917 696 994 741 hic
1011 696 1159 743 aderit
1185 697 1326 744 credo
1348 697 1527 756 hercle,

923 778 1005 813 aut
1026 770 1127 831 jam
1158 770 1298 816 adest.

637 861 669 895 E
706 861 734 894 P
770 861 791 894 I
828 860 863 893 D
899 859 919 892 I
956 861 982 893 C
1018 861 1054 893 U
1090 862 1129 896 S.

1120 922 1169 969 Si
1199 941 1411 986 aequom
1438 926 1524 973 siet

247 1003 327 1048 Me
356 1000 464 1062 plus
495 1012 651 1058 sapere
679 1011 826 1056 quam
852 1011 963 1053 vos,
1000 994 1211 1043 dederim
1244 998 1380 1044 vobis
1409 1015 1523 1045 con-

502 1071 658 1115 silium
687 1080 877 1126 catum,

248 1143 647 1219 Quodtlaudetis,
673 1152 728 1186 ut
748 1157 834 1205 ego
864 1140 1061 1202 opinor,
1086 1152 1303 1203 uterque.

570 1242 1213 1295 PERIPnflANEs.

920 1300 1044 1364 Ergo
1071 1301 1157 1348 ubi
1176 1312 1269 1359 est,
1295 1301 1524 1364 Epidice?

632 1392 662 1424 Ε
703 1392 731 1424 Ρ
766 1391 786 1422 1
823 1391 858 1423 D
894 1391 915 1423 1
953 1391 979 1423 c
1017 1391 1051 1423 U
1087 1393 1126 1426 s.

244 1455 406 1516 Atque
423 1451 483 1498 ad
509 1467 613 1496 eam
638 1465 741 1494 rem
767 1447 1086 1494 conducibile.

597 1547 632 1581 A
667 1547 694 1579 P
733 1547 764 1579 o
800 1546 830 1579 E
870 1547 896 1578 c
934 1547 954 1578 1
990 1547 1025 1579 D
1061 1547 1090 1579 Ε
1129 1547 1168 1580 s.

839 1604 976 1674 Quid
993 1605 1111 1651 istuc
1129 1605 1314 1654 dubitas
1332 1608 1524 1663 dicere?

629 1701 660 1734 Ε
695 1700 723 1732 Ρ
758 1700 780 1732 1
817 1699 852 1731 D
890 1699 910 1731 1
947 1699 973 1731 c
1011 1699 1045 1731 U
1082 1699 1122 1733 s.

241 1767 339 1813 Vos
365 1766 538 1827 priores
568 1777 659 1806 esse
691 1769 909 1821 oportet,
940 1776 1026 1806 nos
1049 1762 1280 1822 posterius
1303 1762 1488 1827 dicere,

239 1838 344 1908 Qui
368 1839 474 1900 plus
504 1833 671 1896 sapitis.

591 1927 628 1960 A
664 1926 692 1958 P
730 1925 761 1959 o
796 1925 826 1958 Ε
864 1926 890 1958 c
927 1927 948 1959 1
982 1927 1017 1960 D
1053 1927 1084 1960 Ε
1121 1926 1159 1961 s.

624 1986 708 2033 Eia
734 2001 871 2043 vero,
904 2002 987 2049 age
1006 1986 1095 2032 dic.

625 2082 655 2115 Ε
691 2082 719 2115 P
756 2083 778 2115 1
814 2084 848 2115 D
886 2083 907 2115 1
944 2083 970 2115 c
1006 2082 1042 2116 U
1079 2081 1117 2115 s.

1081 2142 1145 2188 At
1165 2141 1446 2192 deridebitis.

579 2237 615 2271 A
650 2238 677 2270 P
721 2231 760 2271 o‘
790 2239 819 2271 E
858 2238 884 2270 c
919 2238 940 2270 1
975 2238 1011 2270 D
1050 2237 1079 2269 Ε
1118 2236 1158 2270 s.

236 2302 351 2350 Non
374 2300 546 2363 edepol
575 2299 810 2345 faciemus.

543 2420 560 2422 η
623 2394 655 2428 E
689 2394 717 2427 P
754 2394 773 2426 I
810 2395 845 2427 D
881 2394 901 2426 1
939 2393 966 2425 C
1003 2393 1037 2426 U
1076 2393 1114 2428 S.

813 2454 971 2499 Immo
985 2488 998 2511 ,
1024 2455 1058 2499 si
1078 2453 1283 2515 placebit
1297 2487 1312 2512 ,
1331 2453 1477 2499 utitor
