1618 2866
97 189 226 237 v.37
416 169 701 220 ACTUS
754 171 831 217 II.
876 169 981 218 SC.
1031 170 1104 216 11.
1284 173 1374 233 169

96 285 368 331 Nummum
395 282 532 327 illum
547 315 560 337 ‚
583 297 730 341 quem
754 280 872 325 mihi
901 279 1088 325 dudum
1119 280 1374 341 pollicitu’s

353 354 463 399 dare
483 388 496 411 ‚

93 428 268 487 Jubeas
285 462 298 484 ‚
324 428 359 472 si
386 427 526 487 sapias
542 460 555 483 ,
584 426 837 486 porculum
858 425 1006 471 afferri
1033 425 1134 470 tibi.

100 502 223 548 Nam
254 512 308 547 tu
336 500 535 562 quidem
567 500 723 544 hercle
761 510 888 545 certo
918 514 1020 544 non
1042 514 1175 543 sanus
1208 500 1344 557 satis,

99 574 407 620 Menaechme
425 607 439 630 ,
466 573 552 635 qui
574 588 705 618 nunc
732 572 855 633 ipsus
876 571 1122 617 maledicas
1149 572 1252 617 tibi.

480 671 522 703 M
556 671 587 702 Ε
626 670 648 704 s
687 670 710 704 s
747 671 776 702 Ε
813 670 846 703 Ν
880 672 899 703 1
938 671 987 703 o.

102 732 215 778 Heu
239 733 394 779 hercle
413 733 661 779 hominem
684 733 896 779 multum
916 743 964 778 et
983 731 1204 778 odIOSum
1229 732 1369 779 mihi!

446 833 473 864 c
513 833 544 864 Y
580 833 610 866 L
647 833 665 864 1
700 832 733 865 N
769 834 804 865 D
840 833 873 866 R
909 832 944 864 U
981 833 1019 866 s.

101 888 233 936 Solet
250 890 396 954 jocari
421 907 555 952 saepe
581 908 772 937 mecum
799 891 880 937 illo
901 891 1070 938 modo.

101 960 333 1030 Quamvis
357 962 581 1009 ridiculus
610 974 677 1008 est
696 997 710 1019 ‚
739 963 824 1008 ubi
853 979 975 1008 uxor
1002 979 1104 1009 non
1133 963 1275 1009 adest.

392 1056 435 1090 M
470 1055 501 1087 E
536 1056 570 1088 N
606 1055 640 1087 A
676 1055 706 1087 Ε
746 1056 772 1087 c
811 1056 844 1088 Η
882 1055 924 1089 Μ
958 1056 993 1088 U
1030 1055 1066 1088 s.

103 1113 241 1184 Quid
266 1115 327 1159 ais
353 1115 441 1160 tu?

441 1198 468 1230 c
504 1198 538 1230 Y
574 1198 604 1230 1.
639 1199 659 1230 1
696 1199 730 1231 N
766 1200 801 1231 D
840 1201 872 1233 R
908 1199 944 1232 U
981 1200 1019 1233 s.

233 1257 370 1326 Quid
387 1257 454 1303 vis
469 1292 483 1315 ,
506 1259 736 1319 inquam?
758 1259 887 1304 satin’
910 1261 1004 1306 hoc
1020 1294 1033 1316 ‚
1064 1259 1200 1321 quod
1221 1259 1374 1317 vides,

103 1329 276 1376 Tribus
297 1331 431 1376 vobis
454 1332 740 1379 obsonatum
758 1333 845 1379 'sti’
865 1349 925 1379 an
943 1333 1126 1379 obsono
1146 1333 1375 1394 ampliUS,

104 1401 218 1448 Tibi
246 1412 294 1449 et
318 1404 515 1464 parasito
541 1416 588 1452 et
621 1406 858 1461 mulieri?

112 1490 119 1494 “
390 1504 436 1536 M
468 1504 499 1536 E
534 1505 568 1536 N
603 1505 638 1537 A
672 1505 701 1536 E
742 1506 768 1536 c
808 1505 840 1537 H
878 1504 919 1537 M
956 1506 991 1537 U
1030 1505 1067 1538 S.

845 1567 977 1635 Quas
1005 1576 1061 1611 tu
1093 1567 1338 1623 mulieres,

105 1631 241 1701 Quos
267 1643 321 1679 tu
350 1634 568 1699 parasitos
593 1635 822 1696 loquere?
1295 1655 1299 1656 ⁷

478 1731 522 1764 M
555 1731 586 1764 E
624 1731 647 1765 S
685 1732 708 1766 S
744 1733 774 1764 E
811 1733 846 1765 N
880 1733 902 1765 I
939 1733 988 1766 Ο.

785 1792 938 1862 Quod
961 1803 1009 1838 te
1033 1802 1169 1856 urget
1199 1790 1374 1845 scelus,

110 1851 213 1921 Qu‘t
233 1853 346 1900 huic
372 1855 427 1900 sis
445 1856 701 1903 molestus?

448 1957 474 1988 c
511 1957 546 1994 Y,
579 1957 609 1990 1.
631 1958 664 1990 -1
699 1957 732 1989 N
766 1958 802 1990 D
838 1959 871 1992 R
907 1957 943 1989 U
980 1956 1018 1990 s.

680 2017 816 2085 Quid
840 2018 929 2064 tibi
962 2034 1154 2064 mecum
1182 2029 1249 2063 est
1276 2014 1375 2061 rei?

114 2081 215 2145 Ego
231 2093 278 2128 te
294 2099 395 2132 non
414 2089 550 2135 novi:
582 2106 692 2136 cum
708 2091 828 2147 hoc,
849 2107 996 2152 quem
1012 2090 1154 2147 novi,
1174 2089 1375 2135 fabulor.

403 2179 446 2213 M
479 2182 509 2213 Ε
546 2183 580 2215 Ν
613 2183 650 2214 A
685 2183 715 2214 Ε
752 2183 780 2215 c
816 2183 850 2215 H
885 2183 929 2215 Μ
962 2184 997 2216 U
1034 2183 1073 2216 s.

115 2233 229 2278 Non
250 2234 419 2298 edepol
449 2251 504 2286 tu
526 2242 676 2290 homo
703 2259 838 2290 sanus
868 2260 913 2290 es
928 2277 943 2300 ,
969 2254 1097 2290 certo
1122 2243 1230 2308 ¹scio.

461 2339 489 2371 c
522 2340 556 2372 Y
590 2341 622 2374 1.
656 2343 677 2374 1
712 2343 745 2375 N
779 2344 816 2376 D
850 2343 884 2376 R
918 2342 954 2374 U
988 2342 1027 2375 s.
1252 2379 1274 2396 Α

112 2393 220 2453 Jam
245 2410 353 2460 ergo
376 2395 488 2443 haec
508 2399 771 2446 madebunt
798 2400 933 2447 faxo:
962 2401 1082 2446 nihil
1101 2399 1374 2450 morabitur.
