1618 2866
102 221 237 280 v.56
475 210 809 261 ACTUS
873 211 1004 256 111.
1200 189 1206 195 “
1303 222 1362 267 ,μ

106 327 322 375 Profecto
352 335 408 372 ut
434 323 626 380 faceres,
657 336 787 366 suam
813 318 851 364 si
873 318 1014 364 velles
1036 314 1244 380 gratiam.

612 414 642 447 L
677 413 711 445 Y
750 413 776 444 c
818 411 866 444 ο.

110 483 332 532 Concede
347 518 361 541 ,
388 483 642 545 inspiciam·
656 478 776 540 quid
797 479 854 523 sit
875 477 1116 523 scribtum.

492 577 518 608 C
557 574 592 608 U
626 575 660 608 R
698 573 724 604 C
765 571 800 604 U
834 571 864 604 L
900 572 920 604 1
957 573 1004 605 O.

1121 631 1350 679 Maxume
1366 665 1382 688 ‚

115 708 227 754 Tuo
244 662 491 777 arbitratu,
491 674 628 751 ’dum
646 703 854 750 auferam
870 704 949 750 abs
962 714 1011 750 te
1028 703 1079 749 id
1096 704 1232 765 quod
1250 715 1379 766 peto·

541 810 555 822 =
626 799 658 831 L
694 798 726 830 Y
763 798 791 830 c
827 798 875 831 o.

114 866 247 912 Miles
272 866 456 928 Lyconi
481 867 531 910 in
561 866 798 926 Epidauro
829 865 1004 927 hospiti
1030 881 1115 911 suo

113 938 558 1001 Therapontigonus
590 937 911 1002 Platagidorus
942 937 1199 999 plurimam

39 1004 42 1006 v
115 1008 326 1057 Salutem
354 1009 480 1055 dicit.

488 1091 1002 1125 CURCULIO.

534 1161 673 1206 Meus
696 1160 772 1206 hic
796 1172 889 1219 est,
911 1151 1110 1208 liamum
1133 1161 1280 1209 rorat.

628 1245 658 1276 L
695 1245 727 1277 Y
767 1247 793 1277 c
834 1247 883 1278 o.

121 1311 307 1356 Tecum
334 1326 417 1355 oro
435 1344 449 1367 ,
477 1321 525 1356 et
549 1327 747 1371 quaeso,
777 1312 863 1372 qui
890 1311 968 1357 has
995 1313 1185 1358 tabellas
1209 1312 1368 1371 afferet

121 1381 261 1438 Tibi,
291 1392 347 1426 ut
376 1381 418 1426 ei
453 1381 619 1439 detur,
645 1399 790 1443 quarn
817 1383 916 1429 istic
946 1384 1039 1429 emi
1064 1383 1293 1447 virginem
1310 1420 1325 1442 ,

122 1453 275 1523 Quod
298 1464 345 1500 te
374 1465 613 1515 praesente
639 1455 738 1501 istic
772 1455 873 1519 egi,
899 1467 1046 1516 teque
1072 1454 1325 1516 interprete
1340 1491 1357 1513 ,

122 1526 185 1572 Et
210 1543 400 1584 aurum,
426 1540 473 1573 et
499 1540 706 1574 vestem:
730 1531 828 1592 jam
851 1529 958 1585 scis,
986 1540 1041 1573 ut
1067 1529 1355 1574 convenerit.

121 1598 384 1662 Argentum
411 1599 490 1645 des
516 1601 692 1646 lenoni.
722 1601 838 1646 huic
868 1601 948 1646 des
968 1600 1212 1663 virginem.

125 1671 219 1719 Ubi
243 1673 398 1734 ipsus?
434 1689 516 1719 cur
540 1689 643 1719 non
669 1674 801 1719 venit
815 1674 837 1719 Ρ
1196 1683 1200 1687 ’

502 1766 530 1798 c
567 1766 602 1798 U
637 1768 671 1800 R
708 1768 735 1799 c
773 1767 807 1798 U
842 1767 874 1800 Ι,
908 1768 931 1800 Ι
966 1767 1015 1800 ο.

898 1820 1329 1898 Egodicmtibi:

129 1904 255 1978 Quia
282 1905 458 1951 nudius
492 1910 683 1965 quartus
708 1908 924 1952 venimus
957 1908 1008 1952 in
1037 1907 1219 1953 Cariam

132 1976 204 2021 Ex
226 1977 398 2023 India:
429 1977 497 2023 ibi
523 1993 653 2023 nunc
683 1990 883 2025 statuam
915 1980 1018 2024 volt
1052 1979 1161 2024 dare
1188 1994 1377 2023 auream

135 2044 340 2094 Solidam
367 2048 634 2094 faciundam
650 2065 710 2094 ex
725 2067 839 2096 auro
855 2051 1130 2112 Philippeo,
1155 2067 1277 2110 quae
1294 2050 1379 2095 siet

135 2116 499 2181 Septempedalis
523 2139 533 2166 ε
565 2120 692 2167 factIs
719 2134 1095 2170 monumentum
1121 2123 1225 2169 suis.

635 2206 669 2238 L
705 2205 740 2238 Y
774 2207 801 2239 c
836 2207 883 2240 ο.

141 2259 468 2328 Quamobrem
494 2266 646 2314 istuc?

509 2358 537 2390 C
571 2358 607 2390 ‘U
642 2360 675 2392 R
711 2362 738 2394 C
774 2360 810 2393 U
847 2361 879 2394 L
915 2362 935 2394 1
972 2362 1020 2395 Ο.

332 2411 525 2475 Dicam:
556 2418 666 2478 quia
693 2420 820 2466 enim
846 2421 1023 2479 Persas,
1051 2421 1366 2484 Paphlagonas
1385 2453 1400 2476 ,
