1618 2866
240 112 352 207 ης
465 142 1264 196 MOSTELLARIA
1402 149 1533 199 vas

535 262 1256 301 THEUROP1,DES.

241 326 492 374 Curriculo
524 326 630 384 abi,
661 325 781 391 jube
813 326 864 371 in
889 326 1059 373 urbem
1084 327 1243 374 veniat
1265 327 1365 392 jam
1386 329 1528 375 simul

1144 413 1322 456 tecum.

700 479 730 512 T
766 481 800 513 R
835 478 870 512 A
905 480 939 513 N
974 480 996 512 1
1034 481 1082 514 ο.

1380 534 1527 584 Licet.

242 604 390 650 Nunc
421 620 508 668 ego
531 620 609 649 me
642 605 719 650 illa
746 621 830 666 per
862 606 1102 667 posticum
1135 606 1196 655 ad
1218 622 1530 672 congerrones

492 678 746 725 conferam.

236 751 434 811 Dicam,
472 764 526 798 ut
549 753 625 799 hic
660 769 729 798 res
763 753 855 799 sint
887 753 1104 814 quietae,
1133 764 1280 814 atque
1308 764 1363 800 ut
1399 754 1531 801 hunc

490 823 603 870 hinc
634 824 909 870 amoverim.

544 983 996 1041 ACTUS
1076 986 1220 1044 IV.

667 1111 1101 1160 SCENAL

596 1256 1173 1292 PHANISCUS.

239 1308 314 1419 S
329 1384 479 1420 ERVI
496 1405 510 1430 ,
537 1372 623 1433 qui
651 1388 764 1418 cum
787 1372 927 1433 culpa
950 1374 1098 1419 carInt
1114 1409 1127 1431 ,
1161 1385 1322 1421 tamen
1346 1372 1526 1420 malum

238 1445 471 1491 Metuunt
490 1479 503 1502 ,
539 1438 589 1489 hi
619 1445 775 1490 solent
800 1460 893 1489 esse
926 1444 1046 1490 heris
1078 1445 1281 1492 utibiles.

239 1519 362 1564 Nam
385 1520 480 1577 illi,
509 1520 594 1580 qui
610 1519 732 1566 nihil
746 1524 974 1565 metuunt
988 1554 1002 1577 ‚
1027 1531 1284 1582 postquam
1302 1531 1412 1567 sunt
1429 1537 1528 1567 ma-

498 1594 602 1639 lum

241 1668 400 1714 Meriti
423 1702 436 1724 ‚
468 1669 610 1713 stulta
643 1667 731 1713 sibi
763 1676 996 1728 expetunt
1021 1660 1232 1712 'consilia

239 1740 479 1786 Exercent
507 1756 600 1785 sese
628 1739 688 1785 ad
716 1755 953 1785 cursuram
974 1774 989 1797 ‚
1024 1738 1229 1803 fugiunt.
1263 1737 1346 1784 sed

241 1809 341 1866 Hi,
374 1809 410 1853 si
437 1809 704 1869 reprehensi
733 1821 842 1855 sunt
859 1844 872 1866 ‚
905 1809 1084 1855 faciunt
1118 1827 1143 1854 a
1170 1810 1298 1855 malo

231 1882 522 1939 Peculium,
563 1882 700 1942 quod
732 1894 986 1942 nequeunt
1017 1882 1165 1928 facere
1194 1882 1254 1927 de
1280 1898 1397 1927 suo:

239 1954 435 2020 Augent
467 1971 526 2001 ex
553 1954 761 2016 pauxillo
782 1989 795 2011 ‚
830 1955 1105 2000 thesaurum
1139 1954 1463 2017 indevparant.
1510 1995 1514 1999 ,

242 2030 396 2086 Mihi,
427 2029 477 2073 in
508 2038 702 2090 pectore
743 2027 906 2073 consili
940 2026 1077 2087 quod
1110 2037 1203 2084 est,

242 2102 404 2149 Lubet
442 2120 603 2149 cavere
637 2103 809 2148 malam
839 2118 941 2147 rem
973 2101 1131 2162 prius,

242 2177 406 2245 Quam
442 2187 497 2222 ut
526 2192 693 2221 meum
729 2186 918 2238 tergum
954 2173 1295 2218 exsinceratum
1323 2173 1418 2221 fiat.

237 2248 305 2294 Ut
337 2249 490 2294 adhuc
520 2248 641 2305 fuit,
676 2248 793 2293 mihi
826 2247 1011 2293 corium
1043 2264 1136 2292 esse
1172 2257 1365 2308 oportet
1408 2248 1417 2289 .'

235 2322 511 2379 Sincerum‚
543 2333 689 2383 atque
718 2322 789 2368 uti
822 2332 981 2368 vetem
1014 2321 1260 2367 verberari.

236 2395 286 2445 Si
317 2397 428 2445 huic
459 2396 735 2458 imperabo,
768 2395 922 2457 probe
949 2406 1133 2442 tectum
1159 2393 1374 2441 habebo:
