<?xml version="1.0" encoding="UTF-8"?>
<!DOCTYPE html PUBLIC "-//W3C//DTD XHTML 1.0 Transitional//EN"
    "http://www.w3.org/TR/xhtml1/DTD/xhtml1-transitional.dtd">
<html xmlns="http://www.w3.org/1999/xhtml" xml:lang="en" lang="en">
 <head>
  <title>
</title>
<meta http-equiv="Content-Type" content="text/html;charset=utf-8" />
  <meta name='ocr-system' content='tesseract 3.04.00' />
  <meta name='ocr-capabilities' content='ocr_page ocr_carea ocr_par ocr_line ocrx_word'/>
</head>
<body>
  <div class='ocr_page' id='page_1' title='image "./comoediaesuperst02plauuoft_0521.png"; bbox 0 0 1618 2866; ppageno 0'>
   <div class='ocr_carea' id='block_1_1' title="bbox 52 187 1343 258">
    <p class='ocr_par' dir='ltr' id='par_1_1' title="bbox 52 187 1343 258">
     <span class='ocr_line' id='line_1_1' title="bbox 52 187 1343 258; baseline -0.01 -7"><span class='ocrx_word' id='word_1_1' title='bbox 52 201 189 250; x_wconf 67' lang='lat' dir='ltr'><strong>V.66</strong></span> <span class='ocrx_word' id='word_1_2' title='bbox 267 216 270 218; x_wconf 88' lang='lat'>·</span> <span class='ocrx_word' id='word_1_3' title='bbox 335 195 627 247; x_wconf 75' lang='lat' dir='ltr'>&#39;Acrus</span> <span class='ocrx_word' id='word_1_4' title='bbox 680 194 802 242; x_wconf 91' lang='lat'>111.</span> <span class='ocrx_word' id='word_1_5' title='bbox 847 191 949 242; x_wconf 89' lang='lat' dir='ltr'>sc.</span> <span class='ocrx_word' id='word_1_6' title='bbox 1002 193 1041 239; x_wconf 83' lang='lat'>1.</span> <span class='ocrx_word' id='word_1_7' title='bbox 1237 187 1343 258; x_wconf 61' lang='grc' dir='ltr'>μς·</span> 
     </span>
    </p>
   </div>
   <div class='ocr_carea' id='block_1_2' title="bbox 42 296 1341 1896">
    <p class='ocr_par' dir='ltr' id='par_1_2' title="bbox 42 296 1341 1896">
     <span class='ocr_line' id='line_1_2' title="bbox 54 296 1206 367; baseline -0.013 -11"><span class='ocrx_word' id='word_1_8' title='bbox 54 306 234 357; x_wconf 87' lang='lat' dir='ltr'>Urbem</span> <span class='ocrx_word' id='word_1_9' title='bbox 260 307 393 353; x_wconf 86' lang='lat' dir='ltr'>exsul</span> <span class='ocrx_word' id='word_1_10' title='bbox 422 306 610 367; x_wconf 61' lang='lat' dir='ltr'>ligiquat</span> <span class='ocrx_word' id='word_1_11' title='bbox 642 300 789 347; x_wconf 88' lang='lat' dir='ltr'>factus</span> <span class='ocrx_word' id='word_1_12' title='bbox 813 299 891 345; x_wconf 90' lang='lat' dir='ltr'>hic</span> <span class='ocrx_word' id='word_1_13' title='bbox 917 314 1069 344; x_wconf 84' lang='lat' dir='ltr'>caussa</span> <span class='ocrx_word' id='word_1_14' title='bbox 1092 296 1164 342; x_wconf 90' lang='lat' dir='ltr'>tui</span> <span class='ocrx_word' id='word_1_15' title='bbox 1189 327 1206 354; x_wconf 91' lang='lat'>,</span> 
     </span>
     <span class='ocr_line' id='line_1_3' title="bbox 51 373 855 454; baseline -0.015 -24"><span class='ocrx_word' id='word_1_16' title='bbox 51 382 191 454; x_wconf 71' lang='lat' dir='ltr'>Quoi</span> <span class='ocrx_word' id='word_1_17' title='bbox 218 392 392 428; x_wconf 86' lang='lat' dir='ltr'>sortem</span> <span class='ocrx_word' id='word_1_18' title='bbox 418 380 501 426; x_wconf 85' lang='lat' dir='ltr'>vix</span> <span class='ocrx_word' id='word_1_19' title='bbox 527 378 635 423; x_wconf 88' lang='lat' dir='ltr'>dare</span> <span class='ocrx_word' id='word_1_20' title='bbox 659 373 855 421; x_wconf 84' lang='lat' dir='ltr'>licebit?</span> 
     </span>
     <span class='ocr_line' id='line_1_4' title="bbox 476 464 921 502; baseline -0.011 0"><span class='ocrx_word' id='word_1_21' title='bbox 476 469 512 502; x_wconf 91' lang='lat' dir='ltr'>D</span> <span class='ocrx_word' id='word_1_22' title='bbox 553 468 588 501; x_wconf 99' lang='lat' dir='ltr'>A</span> <span class='ocrx_word' id='word_1_23' title='bbox 623 467 658 501; x_wconf 81' lang='lat' dir='ltr'>N</span> <span class='ocrx_word' id='word_1_24' title='bbox 694 466 714 499; x_wconf 89' lang='lat' dir='ltr'>I</span> <span class='ocrx_word' id='word_1_25' title='bbox 749 464 771 499; x_wconf 93' lang='lat' dir='ltr'><strong>S</strong></span> <span class='ocrx_word' id='word_1_26' title='bbox 808 465 839 498; x_wconf 90' lang='lat' dir='ltr'>T</span> <span class='ocrx_word' id='word_1_27' title='bbox 871 464 921 498; x_wconf 86' lang='lat' dir='ltr'>A.</span> 
     </span>
     <span class='ocr_line' id='line_1_5' title="bbox 284 524 1306 595; baseline -0.005 -20"><span class='ocrx_word' id='word_1_28' title='bbox 284 582 287 584; x_wconf 15' lang='lat' dir='ltr'>v</span> <span class='ocrx_word' id='word_1_29' title='bbox 873 524 1011 595; x_wconf 78' lang='lat' dir='ltr'>Quin</span> <span class='ocrx_word' id='word_1_30' title='bbox 1045 538 1147 570; x_wconf 88' lang='lat' dir='ltr'>non</span> <span class='ocrx_word' id='word_1_31' title='bbox 1171 534 1306 586; x_wconf 87' lang='lat' dir='ltr'>peto.</span> 
     </span>
     <span class='ocr_line' id='line_1_6' title="bbox 351 604 1236 646; baseline -0.007 0"><span class='ocrx_word' id='word_1_32' title='bbox 351 607 1065 646; x_wconf 77' lang='lat' dir='ltr'>THEUROPIDES.</span> <span class='ocrx_word' id='word_1_33' title='bbox 1234 604 1236 607; x_wconf 54' lang='grc'>’</span> 
     </span>
     <span class='ocr_line' id='line_1_7' title="bbox 58 670 781 740; baseline -0.015 -14"><span class='ocrx_word' id='word_1_34' title='bbox 58 680 169 737; x_wconf 86' lang='lat' dir='ltr'>Eia,</span> <span class='ocrx_word' id='word_1_35' title='bbox 200 674 437 740; x_wconf 84' lang='lat' dir='ltr'>mastigia,</span> <span class='ocrx_word' id='word_1_36' title='bbox 462 672 524 719; x_wconf 87' lang='lat' dir='ltr'>ad</span> <span class='ocrx_word' id='word_1_37' title='bbox 556 687 636 718; x_wconf 90' lang='lat' dir='ltr'>me</span> <span class='ocrx_word' id='word_1_38' title='bbox 665 670 781 716; x_wconf 86' lang='lat' dir='ltr'>redi.</span> 
     </span>
     <span class='ocr_line' id='line_1_8' title="bbox 509 754 899 790; baseline -0.005 0"><span class='ocrx_word' id='word_1_39' title='bbox 509 756 542 790; x_wconf 77' lang='grc' dir='ltr'>Τ</span> <span class='ocrx_word' id='word_1_40' title='bbox 576 756 612 789; x_wconf 88' lang='lat' dir='ltr'>R</span> <span class='ocrx_word' id='word_1_41' title='bbox 649 754 686 788; x_wconf 87' lang='lat' dir='ltr'>A</span> <span class='ocrx_word' id='word_1_42' title='bbox 718 755 752 788; x_wconf 83' lang='lat' dir='ltr'>N</span> <span class='ocrx_word' id='word_1_43' title='bbox 788 755 811 789; x_wconf 93' lang='lat'>1</span> <span class='ocrx_word' id='word_1_44' title='bbox 849 755 899 789; x_wconf 86' lang='grc'>0.</span> 
     </span>
     <span class='ocr_line' id='line_1_9' title="bbox 805 815 1159 874; baseline -0.006 -12"><span class='ocrx_word' id='word_1_45' title='bbox 805 815 913 874; x_wconf 76' lang='lat' dir='ltr'>jam</span> <span class='ocrx_word' id='word_1_46' title='bbox 938 815 1039 861; x_wconf 86' lang='lat' dir='ltr'>istic</span> <span class='ocrx_word' id='word_1_47' title='bbox 1065 831 1159 862; x_wconf 84' lang='lat' dir='ltr'>ero.</span> 
     </span>
     <span class='ocr_line' id='line_1_10' title="bbox 59 888 1246 953; baseline -0.005 -13"><span class='ocrx_word' id='word_1_48' title='bbox 59 894 285 941; x_wconf 89' lang='lat' dir='ltr'>Molestus</span> <span class='ocrx_word' id='word_1_49' title='bbox 311 907 374 938; x_wconf 88' lang='lat' dir='ltr'>ne</span> <span class='ocrx_word' id='word_1_50' title='bbox 399 891 455 936; x_wconf 91' lang='lat' dir='ltr'>sis</span> <span class='ocrx_word' id='word_1_51' title='bbox 471 923 486 947; x_wconf 86' lang='lat'>‚</span> <span class='ocrx_word' id='word_1_52' title='bbox 513 904 658 935; x_wconf 89' lang='lat' dir='ltr'>nemo</span> <span class='ocrx_word' id='word_1_53' title='bbox 685 888 796 947; x_wconf 84' lang='lat' dir='ltr'>dat,</span> <span class='ocrx_word' id='word_1_54' title='bbox 825 905 909 953; x_wconf 86' lang='lat' dir='ltr'>age</span> <span class='ocrx_word' id='word_1_55' title='bbox 943 889 1065 950; x_wconf 90' lang='lat' dir='ltr'>quid</span> <span class='ocrx_word' id='word_1_56' title='bbox 1095 889 1246 935; x_wconf 87' lang='lat' dir='ltr'>lubet.</span> 
     </span>
     <span class='ocr_line' id='line_1_11' title="bbox 58 959 1156 1024; baseline -0.008 -12"><span class='ocrx_word' id='word_1_57' title='bbox 58 967 139 1013; x_wconf 89' lang='lat' dir='ltr'>Tu</span> <span class='ocrx_word' id='word_1_58' title='bbox 165 966 314 1022; x_wconf 84' lang='lat' dir='ltr'>solus,</span> <span class='ocrx_word' id='word_1_59' title='bbox 348 962 487 1009; x_wconf 90' lang='lat' dir='ltr'>credo</span> <span class='ocrx_word' id='word_1_60' title='bbox 506 996 520 1019; x_wconf 83' lang='lat'>‚</span> <span class='ocrx_word' id='word_1_61' title='bbox 549 961 711 1006; x_wconf 85' lang='lat' dir='ltr'>fenore</span> <span class='ocrx_word' id='word_1_62' title='bbox 741 972 986 1024; x_wconf 84' lang='lat' dir='ltr'>argentum</span> <span class='ocrx_word' id='word_1_63' title='bbox 1017 959 1156 1008; x_wconf 82' lang='lat' dir='ltr'>datas.</span> 
     </span>
     <span class='ocr_line' id='line_1_12' title="bbox 481 1052 929 1087; baseline -0.004 0"><span class='ocrx_word' id='word_1_64' title='bbox 481 1056 517 1087; x_wconf 89' lang='lat' dir='ltr'>D</span> <span class='ocrx_word' id='word_1_65' title='bbox 553 1055 586 1086; x_wconf 86' lang='lat' dir='ltr'>A</span> <span class='ocrx_word' id='word_1_66' title='bbox 622 1054 655 1086; x_wconf 81' lang='grc' dir='ltr'><strong>Ν</strong></span> <span class='ocrx_word' id='word_1_67' title='bbox 691 1055 712 1086; x_wconf 94' lang='lat'>1</span> <span class='ocrx_word' id='word_1_68' title='bbox 748 1053 771 1086; x_wconf 91' lang='lat' dir='ltr'>s</span> <span class='ocrx_word' id='word_1_69' title='bbox 809 1053 841 1085; x_wconf 85' lang='grc' dir='ltr'><strong>Τ</strong></span> <span class='ocrx_word' id='word_1_70' title='bbox 878 1052 929 1085; x_wconf 62' lang='lat' dir='ltr'>K.</span> 
     </span>
     <span class='ocr_line' id='line_1_13' title="bbox 62 1111 1115 1165; baseline -0.009 1"><span class='ocrx_word' id='word_1_71' title='bbox 62 1118 196 1165; x_wconf 91' lang='lat' dir='ltr'>Cedo</span> <span class='ocrx_word' id='word_1_72' title='bbox 225 1116 374 1162; x_wconf 89' lang='lat' dir='ltr'>fenus.</span> <span class='ocrx_word' id='word_1_73' title='bbox 403 1113 549 1160; x_wconf 83' lang='lat' dir='ltr'>redde</span> <span class='ocrx_word' id='word_1_74' title='bbox 576 1112 723 1158; x_wconf 87' lang='lat' dir='ltr'>fenus.</span> <span class='ocrx_word' id='word_1_75' title='bbox 754 1112 890 1158; x_wconf 88' lang='lat' dir='ltr'>fenus</span> <span class='ocrx_word' id='word_1_76' title='bbox 917 1111 1115 1158; x_wconf 88' lang='lat' dir='ltr'>reddite.</span> 
     </span>
     <span class='ocr_line' id='line_1_14' title="bbox 42 1186 1002 1238; baseline -0.007 0"><span class='ocrx_word' id='word_1_77' title='bbox 42 1190 275 1238; x_wconf 79' lang='lat' dir='ltr'>‚Daturin’</span> <span class='ocrx_word' id='word_1_78' title='bbox 310 1188 414 1234; x_wconf 87' lang='lat' dir='ltr'>estis</span> <span class='ocrx_word' id='word_1_79' title='bbox 435 1187 571 1232; x_wconf 90' lang='lat' dir='ltr'>fenus</span> <span class='ocrx_word' id='word_1_80' title='bbox 600 1196 818 1232; x_wconf 88' lang='lat' dir='ltr'>actutum</span> <span class='ocrx_word' id='word_1_81' title='bbox 846 1186 1002 1232; x_wconf 73' lang='lat' dir='ltr'>mihi?</span> 
     </span>
     <span class='ocr_line' id='line_1_15' title="bbox 63 1258 797 1310; baseline -0.014 0"><span class='ocrx_word' id='word_1_82' title='bbox 63 1263 187 1310; x_wconf 88' lang='lat' dir='ltr'>Date</span> <span class='ocrx_word' id='word_1_83' title='bbox 214 1261 333 1308; x_wconf 85' lang='lat' dir='ltr'>mihi</span> <span class='ocrx_word' id='word_1_84' title='bbox 363 1260 511 1306; x_wconf 86' lang='lat' dir='ltr'>fenus.</span> <span class='ocrx_word' id='word_1_85' title='bbox 788 1258 797 1266; x_wconf 90' lang='lat'>&#39;</span> 
     </span>
     <span class='ocr_line' id='line_1_16' title="bbox 517 1343 894 1377; baseline -0.003 -1"><span class='ocrx_word' id='word_1_86' title='bbox 517 1344 550 1376; x_wconf 84' lang='grc' dir='ltr'><strong>Τ</strong></span> <span class='ocrx_word' id='word_1_87' title='bbox 584 1344 619 1377; x_wconf 81' lang='lat' dir='ltr'>R</span> <span class='ocrx_word' id='word_1_88' title='bbox 652 1343 688 1376; x_wconf 87' lang='lat' dir='ltr'>A</span> <span class='ocrx_word' id='word_1_89' title='bbox 721 1343 755 1376; x_wconf 75' lang='lat' dir='ltr'>N</span> <span class='ocrx_word' id='word_1_90' title='bbox 790 1343 811 1376; x_wconf 87' lang='lat'>1</span> <span class='ocrx_word' id='word_1_91' title='bbox 845 1343 894 1376; x_wconf 91' lang='grc' dir='ltr'>Ο.</span> 
     </span>
     <span class='ocr_line' id='line_1_17' title="bbox 537 1402 1145 1460; baseline -0.002 -11"><span class='ocrx_word' id='word_1_92' title='bbox 537 1403 691 1450; x_wconf 87' lang='lat' dir='ltr'><strong>Fenus</strong></span> <span class='ocrx_word' id='word_1_93' title='bbox 723 1404 819 1449; x_wconf 91' lang='lat' dir='ltr'><strong>illic</strong></span> <span class='ocrx_word' id='word_1_94' title='bbox 835 1438 849 1460; x_wconf 89' lang='lat'>,</span> <span class='ocrx_word' id='word_1_95' title='bbox 881 1402 1017 1448; x_wconf 87' lang='lat' dir='ltr'>fenus</span> <span class='ocrx_word' id='word_1_96' title='bbox 1054 1402 1145 1449; x_wconf 78' lang='lat' dir='ltr'><strong>hic.</strong></span> 
     </span>
     <span class='ocr_line' id='line_1_18' title="bbox 65 1474 1011 1540; baseline -0.007 -13"><span class='ocrx_word' id='word_1_97' title='bbox 65 1480 225 1527; x_wconf 87' lang='lat' dir='ltr'><strong>Nescit</strong></span> <span class='ocrx_word' id='word_1_98' title='bbox 260 1477 457 1540; x_wconf 87' lang='lat' dir='ltr'>quidem</span> <span class='ocrx_word' id='word_1_99' title='bbox 481 1475 570 1522; x_wconf 87' lang='lat' dir='ltr'>nisi</span> <span class='ocrx_word' id='word_1_100' title='bbox 595 1476 731 1522; x_wconf 88' lang='lat' dir='ltr'>fenus</span> <span class='ocrx_word' id='word_1_101' title='bbox 764 1474 1011 1521; x_wconf 83' lang='lat' dir='ltr'>fabularier</span> 
     </span>
     <span class='ocr_line' id='line_1_19' title="bbox 62 1547 1190 1612; baseline -0.005 -15"><span class='ocrx_word' id='word_1_102' title='bbox 62 1551 320 1597; x_wconf 83' lang='lat' dir='ltr'>Veterator.</span> <span class='ocrx_word' id='word_1_103' title='bbox 354 1565 514 1610; x_wconf 90' lang='lat' dir='ltr'>neque</span> <span class='ocrx_word' id='word_1_104' title='bbox 538 1565 625 1612; x_wconf 89' lang='lat' dir='ltr'>ego</span> <span class='ocrx_word' id='word_1_105' title='bbox 655 1548 898 1593; x_wconf 89' lang='lat' dir='ltr'>tetriorem</span> <span class='ocrx_word' id='word_1_106' title='bbox 924 1547 1120 1593; x_wconf 85' lang='lat' dir='ltr'>beluam</span> <span class='ocrx_word' id='word_1_107' title='bbox 1185 1577 1190 1581; x_wconf 91' lang='lat'><em>-</em></span> 
     </span>
     <span class='ocr_line' id='line_1_20' title="bbox 63 1622 1341 1683; baseline -0.002 -14"><span class='ocrx_word' id='word_1_108' title='bbox 63 1622 243 1670; x_wconf 89' lang='lat' dir='ltr'><strong>Vidisse</strong></span> <span class='ocrx_word' id='word_1_109' title='bbox 262 1638 348 1668; x_wconf 85' lang='lat' dir='ltr'>me</span> <span class='ocrx_word' id='word_1_110' title='bbox 372 1638 607 1683; x_wconf 90' lang='lat' dir='ltr'>umquam</span> <span class='ocrx_word' id='word_1_111' title='bbox 619 1656 637 1679; x_wconf 92' lang='lat'><strong><em>,</em></strong></span> <span class='ocrx_word' id='word_1_112' title='bbox 656 1637 953 1681; x_wconf 85' lang='lat' dir='ltr'>quemquam</span> <span class='ocrx_word' id='word_1_113' title='bbox 971 1637 1118 1681; x_wconf 90' lang='lat' dir='ltr'>quam</span> <span class='ocrx_word' id='word_1_114' title='bbox 1141 1631 1189 1667; x_wconf 90' lang='lat' dir='ltr'>te</span> <span class='ocrx_word' id='word_1_115' title='bbox 1201 1654 1215 1678; x_wconf 92' lang='lat'>,</span> <span class='ocrx_word' id='word_1_116' title='bbox 1234 1635 1341 1667; x_wconf 84' lang='lat' dir='ltr'>cen-</span> 
     </span>
     <span class='ocr_line' id='line_1_21' title="bbox 317 1712 409 1742; baseline 0 -1"><span class='ocrx_word' id='word_1_117' title='bbox 317 1712 409 1742; x_wconf 89' lang='lat' dir='ltr'>seo.</span> 
     </span>
     <span class='ocr_line' id='line_1_22' title="bbox 481 1773 931 1808; baseline 0 -3"><span class='ocrx_word' id='word_1_118' title='bbox 481 1774 518 1805; x_wconf 93' lang='lat' dir='ltr'>D</span> <span class='ocrx_word' id='word_1_119' title='bbox 554 1774 590 1807; x_wconf 88' lang='lat' dir='ltr'>A</span> <span class='ocrx_word' id='word_1_120' title='bbox 627 1775 662 1808; x_wconf 82' lang='lat' dir='ltr'>N</span> <span class='ocrx_word' id='word_1_121' title='bbox 697 1773 719 1806; x_wconf 91' lang='lat'>1</span> <span class='ocrx_word' id='word_1_122' title='bbox 756 1773 779 1807; x_wconf 89' lang='lat' dir='ltr'>S</span> <span class='ocrx_word' id='word_1_123' title='bbox 815 1773 847 1806; x_wconf 84' lang='lat' dir='ltr'>T</span> <span class='ocrx_word' id='word_1_124' title='bbox 882 1773 931 1806; x_wconf 89' lang='lat' dir='ltr'>A.</span> 
     </span>
     <span class='ocr_line' id='line_1_23' title="bbox 67 1832 1244 1896; baseline 0.001 -17"><span class='ocrx_word' id='word_1_125' title='bbox 67 1833 180 1880; x_wconf 92' lang='lat' dir='ltr'>Non</span> <span class='ocrx_word' id='word_1_126' title='bbox 202 1834 376 1896; x_wconf 81' lang='lat' dir='ltr'>edepol</span> <span class='ocrx_word' id='word_1_127' title='bbox 400 1849 534 1879; x_wconf 89' lang='lat' dir='ltr'>nunc</span> <span class='ocrx_word' id='word_1_128' title='bbox 562 1851 641 1879; x_wconf 89' lang='lat' dir='ltr'>me</span> <span class='ocrx_word' id='word_1_129' title='bbox 670 1846 724 1880; x_wconf 80' lang='lat' dir='ltr'>tu</span> <span class='ocrx_word' id='word_1_130' title='bbox 758 1833 851 1878; x_wconf 89' lang='lat' dir='ltr'>istis</span> <span class='ocrx_word' id='word_1_131' title='bbox 879 1832 1030 1879; x_wconf 86' lang='lat' dir='ltr'>verbis</span> <span class='ocrx_word' id='word_1_132' title='bbox 1055 1834 1244 1880; x_wconf 87' lang='lat' dir='ltr'>territas.</span> 
     </span>
    </p>
   </div>
   <div class='ocr_carea' id='block_1_3' title="bbox 69 1906 1307 1970">
    <p class='ocr_par' dir='ltr' id='par_1_3' title="bbox 69 1906 1307 1970">
     <span class='ocr_line' id='line_1_24' title="bbox 69 1906 1307 1970; baseline 0.002 -18"><span class='ocrx_word' id='word_1_133' title='bbox 69 1906 286 1954; x_wconf 85' lang='lat' dir='ltr'>Calidum</span> <span class='ocrx_word' id='word_1_134' title='bbox 308 1909 402 1954; x_wconf 93' lang='lat' dir='ltr'>hoc</span> <span class='ocrx_word' id='word_1_135' title='bbox 432 1920 500 1954; x_wconf 89' lang='lat' dir='ltr'>est</span> <span class='ocrx_word' id='word_1_136' title='bbox 515 1944 529 1965; x_wconf 87' lang='lat'>‚</span> <span class='ocrx_word' id='word_1_137' title='bbox 558 1910 642 1955; x_wconf 89' lang='lat' dir='ltr'>etsi</span> <span class='ocrx_word' id='word_1_138' title='bbox 666 1909 835 1970; x_wconf 89' lang='lat' dir='ltr'>procul</span> <span class='ocrx_word' id='word_1_139' title='bbox 861 1908 989 1954; x_wconf 87' lang='lat' dir='ltr'>abest</span> <span class='ocrx_word' id='word_1_140' title='bbox 1004 1942 1019 1965; x_wconf 91' lang='lat'>‚</span> <span class='ocrx_word' id='word_1_141' title='bbox 1046 1908 1141 1953; x_wconf 89' lang='lat' dir='ltr'>urit</span> <span class='ocrx_word' id='word_1_142' title='bbox 1171 1909 1307 1954; x_wconf 90' lang='lat' dir='ltr'>male.</span> 
     </span>
    </p>
   </div>
   <div class='ocr_carea' id='block_1_4' title="bbox 56 2003 1347 2328">
    <p class='ocr_par' dir='ltr' id='par_1_4' title="bbox 56 2003 1347 2328">
     <span class='ocr_line' id='line_1_25' title="bbox 357 2003 1071 2046; baseline 0.001 -12"><span class='ocrx_word' id='word_1_143' title='bbox 357 2003 1071 2046; x_wconf 80' lang='lat' dir='ltr'><strong>THEURQPIDES.</strong></span> 
     </span>
     <span class='ocr_line' id='line_1_26' title="bbox 56 2055 1343 2125; baseline 0.001 -22"><span class='ocrx_word' id='word_1_144' title='bbox 56 2055 227 2125; x_wconf 64' lang='lat' dir='ltr'>&#39;Quod</span> <span class='ocrx_word' id='word_1_145' title='bbox 244 2060 364 2105; x_wconf 83' lang='lat' dir='ltr'>illud</span> <span class='ocrx_word' id='word_1_146' title='bbox 381 2073 449 2106; x_wconf 89' lang='lat' dir='ltr'>est</span> <span class='ocrx_word' id='word_1_147' title='bbox 475 2061 636 2121; x_wconf 84' lang='lat' dir='ltr'>fenus,</span> <span class='ocrx_word' id='word_1_148' title='bbox 662 2062 855 2109; x_wconf 88' lang='lat' dir='ltr'>obsecro</span> <span class='ocrx_word' id='word_1_149' title='bbox 872 2095 887 2117; x_wconf 82' lang='lat'>‚</span> <span class='ocrx_word' id='word_1_150' title='bbox 911 2060 1048 2121; x_wconf 89' lang='lat' dir='ltr'>quod</span> <span class='ocrx_word' id='word_1_151' title='bbox 1073 2060 1166 2105; x_wconf 82' lang='lat' dir='ltr'><strong>illic&#39;</strong></span> <span class='ocrx_word' id='word_1_152' title='bbox 1192 2060 1343 2120; x_wconf 86' lang='lat' dir='ltr'>petit?</span> 
     </span>
     <span class='ocr_line' id='line_1_27' title="bbox 521 2146 899 2182; baseline -0.008 -2"><span class='ocrx_word' id='word_1_153' title='bbox 521 2148 554 2180; x_wconf 81' lang='grc' dir='ltr'><strong>Τ</strong></span> <span class='ocrx_word' id='word_1_154' title='bbox 589 2150 624 2182; x_wconf 83' lang='lat' dir='ltr'>R</span> <span class='ocrx_word' id='word_1_155' title='bbox 658 2149 693 2181; x_wconf 86' lang='lat' dir='ltr'>A</span> <span class='ocrx_word' id='word_1_156' title='bbox 727 2148 760 2180; x_wconf 84' lang='lat' dir='ltr'>N</span> <span class='ocrx_word' id='word_1_157' title='bbox 795 2147 815 2178; x_wconf 92' lang='lat'>1</span> <span class='ocrx_word' id='word_1_158' title='bbox 852 2146 899 2178; x_wconf 91' lang='lat' dir='ltr'>o.</span> 
     </span>
     <span class='ocr_line' id='line_1_28' title="bbox 72 2201 1347 2267; baseline 0.003 -22"><span class='ocrx_word' id='word_1_159' title='bbox 72 2201 233 2257; x_wconf 88' lang='lat' dir='ltr'>Pater,</span> <span class='ocrx_word' id='word_1_160' title='bbox 263 2217 458 2263; x_wconf 89' lang='lat' dir='ltr'>eccum,</span> <span class='ocrx_word' id='word_1_161' title='bbox 485 2206 677 2252; x_wconf 84' lang='lat' dir='ltr'>advenit</span> <span class='ocrx_word' id='word_1_162' title='bbox 700 2220 891 2267; x_wconf 83' lang='lat' dir='ltr'>peregre</span> <span class='ocrx_word' id='word_1_163' title='bbox 917 2218 1018 2248; x_wconf 90' lang='lat' dir='ltr'>non</span> <span class='ocrx_word' id='word_1_164' title='bbox 1042 2204 1199 2249; x_wconf 90' lang='lat' dir='ltr'>multo</span> <span class='ocrx_word' id='word_1_165' title='bbox 1218 2203 1347 2264; x_wconf 83' lang='lat' dir='ltr'>prius</span> 
     </span>
     <span class='ocr_line' id='line_1_29' title="bbox 73 2272 1131 2328; baseline 0.005 -12"><span class='ocrx_word' id='word_1_166' title='bbox 73 2272 235 2328; x_wconf 87' lang='lat' dir='ltr'>Illius,</span> <span class='ocrx_word' id='word_1_167' title='bbox 269 2273 315 2316; x_wconf 80' lang='lat' dir='ltr'>is·</span> <span class='ocrx_word' id='word_1_168' title='bbox 336 2275 424 2320; x_wconf 88' lang='lat' dir='ltr'>tibi</span> <span class='ocrx_word' id='word_1_169' title='bbox 457 2289 503 2323; x_wconf 88' lang='lat' dir='ltr'>et</span> <span class='ocrx_word' id='word_1_170' title='bbox 527 2278 664 2324; x_wconf 86' lang='lat' dir='ltr'>fenus</span> <span class='ocrx_word' id='word_1_171' title='bbox 699 2290 746 2323; x_wconf 86' lang='lat' dir='ltr'>et</span> <span class='ocrx_word' id='word_1_172' title='bbox 767 2288 942 2322; x_wconf 89' lang='lat' dir='ltr'>sortem</span> <span class='ocrx_word' id='word_1_173' title='bbox 971 2276 1131 2322; x_wconf 85' lang='lat' dir='ltr'>dabit:</span> 
     </span>
    </p>
   </div>
   <div class='ocr_carea' id='block_1_5' title="bbox 70 2342 1159 2471">
    <p class='ocr_par' dir='ltr' id='par_1_5' title="bbox 70 2342 1159 2471">
     <span class='ocr_line' id='line_1_30' title="bbox 70 2342 1159 2410; baseline 0.004 -22"><span class='ocrx_word' id='word_1_174' title='bbox 70 2342 146 2388; x_wconf 88' lang='lat' dir='ltr'>Ne</span> <span class='ocrx_word' id='word_1_175' title='bbox 179 2342 475 2390; x_wconf 85' lang='lat' dir='ltr'>inconciliare</span> <span class='ocrx_word' id='word_1_176' title='bbox 502 2349 625 2408; x_wconf 90' lang='lat' dir='ltr'>quid</span> <span class='ocrx_word' id='word_1_177' title='bbox 658 2365 744 2394; x_wconf 89' lang='lat' dir='ltr'>nos</span> <span class='ocrx_word' id='word_1_178' title='bbox 766 2363 908 2410; x_wconf 87' lang='lat' dir='ltr'>porro</span> <span class='ocrx_word' id='word_1_179' title='bbox 937 2349 1159 2410; x_wconf 82' lang='lat' dir='ltr'>postules.</span> 
     </span>
     <span class='ocr_line' id='line_1_31' title="bbox 74 2413 767 2471; baseline 0.016 -10"><span class='ocrx_word' id='word_1_180' title='bbox 74 2413 199 2461; x_wconf 89' lang='lat' dir='ltr'>Vide</span> <span class='ocrx_word' id='word_1_181' title='bbox 232 2430 352 2460; x_wconf 91' lang='lat' dir='ltr'>num</span> <span class='ocrx_word' id='word_1_182' title='bbox 378 2422 618 2467; x_wconf 80' lang='lat' dir='ltr'>moratur?</span> <span class='ocrx_word' id='word_1_183' title='bbox 751 2451 767 2471; x_wconf 72' lang='grc' dir='ltr'><strong>ο</strong></span> 
     </span>
    </p>
   </div>
   <div class='ocr_carea' id='block_1_6' title="bbox 150 2487 1128 2534">
    <p class='ocr_par' dir='ltr' id='par_1_6' title="bbox 150 2487 1128 2534">
     <span class='ocr_line' id='line_1_32' title="bbox 150 2487 1128 2534; baseline -0.002 -1"><span class='ocrx_word' id='word_1_184' title='bbox 150 2487 235 2534; x_wconf 84' lang='lat' dir='ltr'><em>Vol.</em></span> <span class='ocrx_word' id='word_1_185' title='bbox 263 2489 328 2533; x_wconf 91' lang='lat' dir='ltr'>II.</span> <span class='ocrx_word' id='word_1_186' title='bbox 1036 2488 1077 2532; x_wconf 85' lang='lat' dir='ltr'><strong>K</strong></span> <span class='ocrx_word' id='word_1_187' title='bbox 1098 2489 1128 2531; x_wconf 88' lang='lat' dir='ltr'>k</span> 
     </span>
    </p>
   </div>
  </div>
 </body>
</html>
