1618 2866
57 122 188 230 §.50
360 162 649 214 ACT‘US
694 164 753 213 V.·
805 163 916 212 SC.
970 164 1067 212 ΙΙ.·
1245 167 1336 225 561

319 281 1108 319 CALLIDAMATES.

63 355 203 404 Mitte
231 371 406 417 quaeso
435 355 604 400 istunc.

353 450 1067 486 THEUROPIDES.

277 584 284 589 .
519 521 649 567 Hem
666 554 680 578 ,
703 520 860 567 viden'
881 531 937 566 ut
962 531 1102 569 restat
1119 519 1340 570 furcifer?

323 617 1108 654 CALLIDAMATES.

60 681 263 740 Tranio,
284 682 471 744 quiesce
486 715 500 740 ‚
519 681 555 726 si
580 679 709 741 sapis.

352 783 1065 821 THEUROPIDES.

613 850 695 895 Tu
720 850 908 910 quiesce
929 851 1050 898 hanc
1073 867 1174 898 rem
1191 852 1342 899 modo

61 923 253 970 Petere:
293 938 380 987 ego
419 923 557 968 illum
591 922 862 968 vetberibus
881 957 895 981 ,
933 935 989 969 ut
1021 924 1080 970 sit
1118 925 1305 985 quietus
1322 957 1340 982 ,

315 995 558 1058 subegere.

319 1086 1109 1122 CALLIDAMATES.

62 1159 194 1206 Nihil
220 1174 340 1221 opus
375 1169 443 1204 est
472 1156 712 1223 profecto:
748 1172 832 1220 age
852 1157 986 1219 jam,
1024 1154 1124 1201 sine
1152 1163 1200 1202 te
1231 1169 1343 1202 exo-

318 1245 469 1277 tanet.

356 1326 1087 1362 THEUROPIDES„

64 1381 334 1430 Noloores.

320 1474 1116 1510 CALLIDAMATES.

227 1545 418 1615 Quaeso
449 1544 618 1589 hercle.

354 1639 1067 1676 THEUROPIDES.

450 1709 578 1755 Nolo
596 1742 610 1767 ‚
635 1709 861 1769 inquam,
882 1723 995 1753 ores.

325 1808 1117 1845 CALLIDAMATES.

831 1871 1177 1932 Nequidquam
1205 1873 1350 1920 nevis.

70 1941 206 1989 Hanc
234 1943 383 1990 modo
413 1959 560 1989 unam
582 1945 803 1997 noxiam3
839 1961 1017 2002 unam,
1047 1960 1249 2005 quaeso,
1278 1945 1351 1991 fac

324 2032 477 2063 caussa
502 2034 620 2064 mea.

0 2088 5 2161 ἱ
525 2117 556 2149 Τ
591 2118 625 2150 R
659 2116 694 2149 A
729 2117 763 2149 N
798 2117 819 2149 1
857 2117 907 2150 o.

74 2177 212 2249 Quid
243 2180 467 2242 gravaris?
501 2182 633 2242 quasi
663 2197 765 2227 non
796 2198 889 2228 cras
912 2183 1013 2246 jam
1052 2196 1355 2228 conmeream

329 2252 467 2299 aliam
494 2254 717 2299 noxiam:

79 2324 156 2372 Ibi
187 2334 449 2385 utrumque
467 2359 482 2382 ,
518 2338 566 2373 et
597 2327 688 2373 hoc
719 2338 767 2373 et
808 2325 961 2385 illud,
995 2328 1168 2389 poteris
1200 2326 1359 2374 ulcisci

333 2398 496 2460 probe.

160 2470 249 2520 Vol.
273 2471 338 2516 ΙΙ.
1032 2471 1079 2516 Ν
1105 2486 1138 2515 n
