1618 2866
114 198 249 247 ψη
398 178 685 229 Acrus
739 177 1120 226 1v.sc.11.
1327 199 1385 244 45

125 293 218 341 Vel
248 290 335 353 qui
358 289 448 352 ipsi
466 297 656 335 vortant
671 320 686 343 ‚
715 286 793 332 vel
824 284 909 347 qui
937 284 1034 331 aliis
1067 296 1123 332 ut
1150 299 1395 335 versentur

374 362 643 425 praebeant.

125 436 249 486 Ditis
263 471 279 495 ,
308 437 557 483 damnosos
589 433 780 480 maritos
811 432 941 494 apud
971 432 1257 480 Leucadiam
1292 435 1398 496 Op-

123 580 223 629 Sed
253 524 594 630 mtenszlores
627 595 881 641 crepuere:
917 579 1107 643 linguae
1142 581 1399 628 moderan-

305 718 313 724 '
374 652 503 699 ‘dum
529 653 583 699 'st
612 652 747 698 mihi.

528 780 855 829 SCENA
920 783 1044 828 ΙΙ..

192 909 625 948 evacuato,
662 911 1099 951 CAPPADOX.
1134 898 1333 950 L'Yco.

508 1020 1021 1077 “CURC-ULIO.

126 1076 175 1186 Ι
206 1149 288 1184 TU
316 1153 455 1199 prae,
483 1138 642 1201 virgo:
675 1154 778 1184 non
808 1148 970 1199 queo,
993 1138 1131 1201 quod
1164 1156 1296 1202 pone
1322 1158 1403 1188 me

382 1220 451 1255 est
465 1243 481 1266 ,
503 1225 691 1256 servare.

127 1279 191 1326 Et
221 1296 421 1337 aurum,
444 1291 493 1326 et
520 1292 699 1327 vestem
729 1297 925 1328 omnem
951 1299 1087 1330 suam
1117 1300 1209 1330 esse
1242 1286 1393 1343 aibat,

238 1346 241 1347 ⁷
379 1351 621 1413 quidquid
647 1353 762 1399 haec
791 1354 1000 1401 haberet.

510 1444 537 1477 C
572 1443 607 1476 A
642 1444 671 1477 P
706 1444 735 1476 P
769 1444 805 1477 A
839 1446 876 1478 D
911 1446 944 1479 0
979 1446 1030 1479 Χ-

128 1507 285 1556 Nemo
318 1509 357 1555 it
383 1508 566 1554 infitias.

517 1601 544 1634 C
580 1601 615 1634 U
651 1602 685 1634 R
721 1601 749 1634 C
786 1601 821 1633 U
857 1600 888 1633 L
925 1600 948 1633 1
982 1601 1031 1634 Ο.

516 1669 742 1716 Attamen
764 1670 1099 1716 meliusculum
1119 1671 1172 1716 'st
1193 1686 1401 1720 monere.

649 1762 680 1795 L
718 1763 749 1795 Y
787 1763 814 1795 c
853 1763 903 1795 ο.

128 1822 374 1870 Memento
392 1823 649 1884 promisisse
666 1834 740 1879 te,
757 1823 793 1867 si
810 1823 1063 1882 quisquam
1076 1823 1198 1869 hanc
1216 1824 1397 1870 liberali

129 1894 295 1970 Caussa
310 1910 457 1940 manu
474 1906 711 1952 assereret,
730 1894 848 1940 mihi
866 1909 1011 1957 omne
1030 1906 1280 1958 argentum
1294 1896 1397 1942 red-

388 1966 585 2012 ditum
574 1967 628 2012 ui
645 2000 661 2023 ,

130 2036 284 2084 Minas
310 2038 511 2102 tnginta.

501 2126 528 2157 c
563 2124 599 2158 A
633 2125 663 2158 P
701 2125 731 2158 Ρ
765 2123 801 2156 A
835 2125 871 2156 D
907 2123 940 2156 ο
978 2124 1029 2157 x.

482 2193 761 2239 Meminero.
799 2192 860 2238 de
890 2193 1007 2239 istoc
1040 2192 1227 2253 quietus
1259 2202 1370 2237 esto.

139 2263 204 2310 Et
234 2279 362 2312 nunc
393 2265 521 2312 idern
553 2266 674 2312 dico.

508 2351 536 2382 c
570 2351 606 2383 U
641 2353 676 2384 R
707 2352 735 2383 c
770 2350 806 2382 U
845 2351 875 2383 L
909 2351 931 2382 1
967 2350 1014 2383 o.

427 2415 491 2461 -Et
518 2417 873 2463 conmeminisse
898 2433 985 2480 ego
1011 2417 1125 2463 haec
1151 2416 1310 2462 volam
1341 2423 1403 2460 te-
