1618 2866
149 183 249 233 v,6
477 173 765 224 Ac‘rus
814 174 853 220 1.
910 173 1019 221 sc,
1070 175 1147 221 11.
1379 192 1434 240 13

157 290 238 337 Tu
260 288 380 336 mihi
406 298 547 334 stacte
564 321 578 344 ‚
608 296 666 333 tu
695 285 1086 340 cinnamomum,
1116 294 1172 330 tu
1203 300 1303 333 rosa
1319 319 1333 343 ‚

158 363 241 410 Tu
261 361 505 410 crocinum
532 370 580 406 et
606 359 721 406 casia
746 374 819 415 ες,
842 369 898 403 tu
925 357 1189 403 bdellium:
1213 374 1326 405 nam
1353 358 1438 406 ubi

157 436 239 482 Tu
263 434 510 497 profusuS‚
539 432 607 477 ibi
636 448 724 496 ego
754 447 834 477 me
860 430 1091 492 pervelim
1123 432 1371 492 sepultam.

160 506 257 554 Sed
276 522 430 588 quom
454 504 611 550 adhuc
630 519 742 549 naso
760 537 774 559 ‚
797 502 914 548 odos
929 537 943 560 ‚
963 503 1214 549 obsecutus
1236 521 1281 551 es
1298 523 1410 554 meo
1422 541 1440 566 ‚

161 580 239 627 Da
269 578 468 626 vicissim
497 593 606 622 meo
630 575 814 640 gutturi
843 575 1087 639 gaudium.

164 651 298 696 Nihil
309 665 428 720 ago
442 659 616 694 tecum.
654 646 741 693 ubi
765 657 833 692 est
856 646 1050 708 ipsus?
1038 662 1195 707 1psum
1224 659 1398 711 expeto

163 711 403 787 Tangere,
423 719 663 784 invergere
690 719 740 765 in
761 735 841 765 me
861 719 1069 780 liquores
1094 730 1203 766 tuos

164 794 282 842 Sino
309 793 506 840 ductim
540 793 622 839 sed
647 793 734 839 hac
763 791 905 850 abiit,
932 792 1020 838 hac
1047 808 1312 855 persequar.

460 883 1138 920 PHAEDROMUS.

163 954 275 1005 Sitit
304 958 418 1004 haec
441 971 571 1002 anus.

518 1043 548 1076 Ρ
584 1041 810 1075 ALIN
846 1039 952 1074 UR
988 1040 1099 1075 us.

625 1110 1088 1180 Quantillumsitit?

464 1203 699 1238 PHAE
735 1203 841 1237 DR
878 1203 910 1237 O
948 1203 1062 1237 MU
1099 1204 1138 1238 S.

1131 1272 1323 1320 Modica
1352 1287 1448 1334 est,

170 1338 309 1402 Capit
333 1337 623 1400 quadrantal.

511 1427 1157 1463 PALINURJUS.»

681 1497 770 1544 Pol
788 1532 802 1555 ‚
826 1509 882 1544 ut
912 1510 971 1548 tu
1003 1500 1266 1580 praedicae,

171 1568 425 1618 Vindemia
448 1570 563 1616 haec
586 1570 699 1616 huic
725 1570 839 1616 anui
867 1587 968 1616 non
998 1572 1100 1617 satis
1127 1584 1194 1618 est
1216 1573 1315 1619 soli.

172 1643 350 1690 Canem
378 1657 471 1688 esse
497 1642 621 1688 hanc
646 1640 847 1703 quidem
871 1642 1016 1707 magis
1040 1660 1125 1705 par
1152 1642 1278 1689 fuit:
1309 1660 1445 1710 sagax

171 1715 349 1763 Nasum
377 1714 534 1761 habet.

685 1792 715 1825 Ι,
752 1791 783 1824 E
825 1793 859 1826 Ν
895 1790 946 1826 A.

542 1858 730 1906 Amabo
745 1893 761 1918 ,
785 1860 930 1921 quoia
957 1875 1056 1907 vox
1087 1873 1221 1909 sonat
1243 1863 1450 1925 procul?

478 1951 511 1986 1³
544 1952 580 1986 11
614 1952 650 1985 A
683 1952 715 1985 E
750 1953 787 1986 D
821 1954 856 1987 R
893 1953 926 1985 o
966 1953 1009 1986 M
1043 1953 1080 1987 U
1117 1953 1156 1988 s.

180 2019 357 2067 Censeo
390 2020 513 2068 hanc
539 2021 871 2083 appellandam
897 2039 1056 2071 anum.
1088 2024 1244 2071 adibo.
1278 2025 1410 2084 redi,

179 2093 243 2142 Et
266 2096 440 2159 respice
463 2096 526 2143 ad
548 2113 627 2144 me
648 2097 744 2143 huc
758 2131 773 2154 ‚
798 2098 917 2145 lena.

687 2189 719 2223 1.
752 2188 783 2222 Ε
819 2191 855 2224 Ν
891 2191 940 2224 A.

905 2260 1170 2322 Imperator
1192 2259 1298 2322 quis
1321 2254 1421 2310 est?

484 2347 515 2383 ι’
545 2349 581 2384 11
613 2351 649 2384 A
681 2350 712 2385 Ε
747 2352 783 2384 n
815 2352 852 2386 R
891 2351 924 2384 ο
962 2352 1006 2386 Μ
1036 2351 1077 2385 u
1114 2351 1154 2385 s.

188 2414 235 2465 V
234 2416 302 2462 ini
332 2417 539 2479 pollens,
567 2420 754 2482 lepidus
779 2421 921 2468 Liber
933 2454 950 2479 ,
