1618 2866
130 201 260 249 v.49
428 177 713 228 ACTUS
770 178 806 223 Ι.
863 176 969 224 SC.
1017 176 1093 222 11.
1347 185 1402 232 η

344 292 356 295 “
425 292 1102 332 ΡΗΑΕΒΒΟΜΠὸ.

130 362 245 418 Tibi
274 384 364 417 nae
393 383 481 432 ego
498 401 512 424 ‚
531 367 567 411 si
586 365 732 412 fidem
755 380 903 418 servas
926 377 1147 420 mecum,
1207 406 1210 410 ,

132 443 335 491 Vineam
365 457 452 504 pro
474 456 610 485 aurea
629 450 778 484 statua
801 449 1038 494 statuam,
1048 452 1174 497 guae
1195 448 1282 485 tuo

132 514 334 562 Gutturi
353 514 410 559 sit
427 520 814 571 munumentum.
835 508 920 568 qui
939 524 1018 553 me
1036 507 1088 553 in
1106 518 1223 554 terra
1239 524 1390 570 aeque

135 589 423 634 fortunatus
451 585 568 642 erit,
589 584 627 630 si
648 583 728 629 illa
751 581 812 628 ad
840 597 920 627 me
947 580 1068 627 bitet
1086 614 1102 638 ,

133 661 348 717 Palinure
365 659 388 704 Ρ
815 703 819 706 ,
1083 723 1087 729 ¹

487 741 533 782 P,
557 741 591 775 A
625 739 656 774 L
691 740 712 773 1
747 739 781 772 N
817 739 853 772 U
887 740 920 772 R
953 737 991 771 U
1026 738 1064 773 S.

317 811 532 875 Edepol,
555 810 641 872 qui
657 819 782 855 amat
798 842 812 867 ,
831 808 868 854 si
888 818 1016 873 eget,
1035 806 1200 853 misera
1217 807 1409 877 afficitur

131 885 386 935 Aerumna.

441 942 1112 1009 PHAEDROMJJST

387 1035 502 1081 Non
527 1034 591 1079 ita
622 1049 691 1078 res
723 1044 790 1079 est
808 1051 820 1078 z
857 1049 970 1078 nam
1005 1032 1198 1078 confido

131 1108 388 1156 Parasitum
405 1107 550 1153 hodie
565 1104 888 1152 adventurum
902 1119 1013 1153 cum
1030 1116 1223 1168 argento
1238 1106 1299 1152 ad
1316 1121 1409 1153 me.

490 1208 519 1240 P
555 1206 590 1239 A
623 1206 655 1239 L
690 1207 711 1239 Ι
745 1205 780 1239 N
814 1205 851 1237 U
885 1207 918 1239 R
955 1205 1004 1239 U·
1025 1206 1064 1241 S.

132 1279 367 1343 Magnum
403 1277 608 1336 inceptas
624 1308 641 1332 ,
670 1274 712 1336 'si
746 1272 797 1319 id
836 1285 1100 1335 exspectas,
1131 1275 1268 1336 quod
1299 1293 1412 1326 nus-

388 1363 534 1408 quam
558 1347 625 1391 'st.
647 1352 649 1354 ’

437 1439 466 1473 Ρ
503 1439 538 1472 Η
573 1437 608 1485 A
641 1436 673 1470 Ε
706 1438 743 1470 D
779 1438 813 1470 R
846 1437 880 1470 o
916 1437 960 1470 M
995 1437 1031 1470 U
1067 1437 1105 1471 s.

125 1508 275 1580 <Quid
293 1508 329 1555 si
349 1507 517 1554 adeam-
530 1506 590 1552 ad
610 1505 718 1552 foris
731 1539 745 1562 ,
765 1516 910 1566 atque
933 1517 1181 1553 occentem
1193 1508 1216 1554 Ξ)

494 1605 1178 1642 PALINURUS..
1346 1590 1398 1630 -’

866 1700 869 1702 .
895 1679 899 1682 ’
1169 1658 1217 1705 Si
1244 1659 1381 1706 lubet
1397 1694 1413 1721 ‚

136 1730 311 1792 Neque
328 1740 440 1776 veto
456 1763 470 1787 ,
494 1743 656 1790 neque
670 1728 821 1793 jubeo
835 1748 852 1775 -2
875 1730 1070 1791 quando
1097 1747 1184 1796 ego
1206 1744 1255 1779 te
1270 1733 1414 1781 video

143 1804 393 1851 Inmutatis
422 1803 635 1850 moribus
664 1820 756 1850 esse
770 1838 784 1862 ‚
805 1805 916 1851 here
931 1819 1110 1867 ‚⁴atque
1130 1807 1336 1871 ingenio.

444 1905 1110 1941 PHAEDROMUS.

138 1973 315 2020 Poesuli
333 2006 347 2030 ,
379 1973 495 2019 heus
525 1974 695 2034 pessuli
711 2008 725 2031 ‚
758 1991 842 2020 vos
871 1976 1031 2023 saluto(
1054 1975 1224 2021 lubens
1239 2009 1255 2032 ‚

142 2042 240 2090 Vos
271 2061 407 2101 amo,
440 2062 523 2091 vos
549 2046 663 2103 volo
680 2081 695 2103 ‚
721 2062 806 2091 vos
839 2057 985 2107 pet03
1013 2057 1158 2107 atque
1192 2049 1417 2108 obsecro,

145 2116 306 2162 Gerite
337 2118 526 2175 amant}
545 2119 666 2164 mihi
694 2136 881 2165 morem
911 2120 1268 2167 amoenissumi:

143 2187 183 2233 F
185 2188 248 2234 ite
275 2205 426 2236 caussa
453 2208 559 2237 mea
588 2191 714 2254 Lydi
739 2192 921 2238 barbari
935 2227 949 2250 ,

146 2257 377 2317 Sussilite,
407 2261 597 2308 obsecro
612 2297 625 2319 ,
658 2274 706 2309 et
737 2264 911 2309 mittite
937 2265 1080 2311 istanc
1106 2264 1222 2311 foras
1238 2298 1254 2322 ‚

149 2331 288 2399 Quae
312 2333 429 2378 mihi
459 2336 624 2382 misero
654 2338 830 2383 amanti
859 2338 1010 2397 ebibit
1030 2340 1319 2402 sanguinem.

149 2400 258 2520 Hel?
278 2402 423 2522 Ινῗῧε,
456 2417 511 2452 ut
542 2406 786 2456 dotmiunt
811 2411 981 2472 pessuli
1011 2410 1246 2473 pessumi,

251 2491 274 2520 ο
296 2509 306 2519 .
376 2508 387 2521 .
1122 2481 1162 2530 Β
