1618 2866
81 235 127 272 v.
153 234 216 283 99
397 206 682 261 ACTUS
733 206 812 254 II.
854 201 960 253 SC.
1009 204 1083 251 II.
1261 217 1348 263 103

469 333 500 366 Ε
538 333 564 366 P
601 332 623 365 I
658 332 693 364 D
729 329 749 362 Ῑ
788 330 815 361 C
852 327 887 361 U
926 327 965 362 S.

84 401 217 448 Tum
236 407 341 444 tute
370 395 510 460 igitur
535 391 700 439 callide
718 424 733 448 ,
755 387 998 450 quidquid
1022 398 1205 434 acturus
1220 420 1235 444 ‚
1255 403 1352 452 age.

407 503 435 536 P
475 502 506 535 E
541 502 574 534 R
609 500 630 533 I
664 500 692 532 P
729 498 765 532 Η
798 498 834 532 A
866 497 901 531 N
934 498 964 530 E
1001 496 1037 530 S.

85 569 208 616 Rem
222 602 236 626 ‚
266 565 421 612 hercle
437 597 451 621 ‚
469 542 683 623 loquere..

293 704 302 710 ,
475 667 507 700 E
540 666 568 699 P
604 665 625 698 I
661 665 697 697 D
735 664 756 696 I
791 663 818 696 C
856 663 891 695 U
928 663 968 696 S.

306 729 368 777 Et
391 727 570 789 reperi,
594 726 708 771 haec
724 735 772 771 te
789 723 875 785 qui
894 721 1115 769 abscedat
1141 722 1353 784 suspicio.

404 824 1035 866 PERIPHANEs.

91 893 200 942 Sine
223 908 303 940 me
327 891 452 937 scire.

476 988 507 1021 E
540 987 570 1020 P
606 986 627 1019 1
664 986 699 1018 D
735 986 757 1018 1
792 986 819 1018 C
854 984 890 1017 U
926 983 964 1018 S.

378 1047 547 1094 Scibis:
571 1045 696 1091 audi.
953 1030 961 1048 ²

435 1138 470 1169 A
503 1136 532 1168 P
568 1135 601 1168 o
636 1135 667 1166 E
707 1135 733 1166 c
771 1135 792 1167 1
827 1136 862 1168 D
900 1136 936 1168 E·
970 1135 1008 1168 s.

704 1191 833 1255 Sapit
854 1194 930 1240 hic
956 1196 1101 1256 pleno
1120 1205 1325 1256 pectore.

480 1295 510 1327 E
545 1294 573 1326 P
609 1293 631 1326 1
665 1294 701 1326 D
738 1293 760 1326 1
795 1294 822 1326 c
858 1293 894 1326 U
930 1293 967 1327 s.

95 1358 232 1419 Opus
250 1366 317 1405 est
330 1354 526 1402 homine
541 1388 557 1411 ,
588 1353 675 1414 qui
699 1352 782 1398 illo
810 1365 1061 1418 argentum
1081 1354 1259 1400 deferat
1272 1370 1359 1415 pro

268 1462 270 1464 »
342 1428 541 1475 fidicina.

94 1501 217 1548 Nam
240 1511 288 1547 te
309 1500 390 1546 illo
415 1514 517 1545 non
542 1513 693 1560 aeque
720 1514 842 1559 opus
865 1496 987 1542 facto
1005 1497 1071 1542 ’st.

412 1594 1046 1632 PERIPHANES.

839 1655 1194 1727 ·Quidjami'·

492 1751 983 1790 EPIDIcUs.

1025 1813 1365 1860 Netecenseat

101 1891 188 1938 Fili
201 1952 205 1954 ῃ
217 1909 367 1940 caussa
388 1892 550 1939 facere.

419 1988 1054 2024 PERIPHANES.

466 2047 635 2094 Docte.

484 2146 514 2178 Ε
548 2146 577 2178 P
613 2147 633 2179 1
669 2146 705 2178 D
742 2146 762 2178 1
797 2146 824 2178 c
859 2144 895 2176 11
932 2144 969 2178 s.

625 2202 743 2274 Quo
762 2207 900 2251 illum
921 2207 986 2251 ab*
999 2206 1077 2251 illa
1095 2206 1369 2267 prohibeas,

108 2274 181 2320 Ne
204 2291 298 2336 qua
315 2277 379 2323 ob
405 2294 508 2324 eam
536 2280 847 2341 suspicionem
870 2279 1112 2325 difficultas
1140 2278 1335 2324 eveniat.

426 2380 455 2412 P
490 2382 519 2412 E
553 2381 588 2413 R
621 2382 641 2413 1
678 2383 707 2415 P
743 2381 778 2414 Η
812 2381 846 2413 A
880 2382 913 2414 N
948 2382 978 2413 Ε
1016 2379 1053 2412 s.

114 2438 279 2507 Quem
291 2438 537 2485 hominem
554 2440 846 2487 inveniemus
861 2440 921 2486 ad
938 2456 1041 2486 eam
1058 2455 1158 2484 rem
1176 2434 1371 2483 utilem?

1116 2512 1218 2569 G4
