1618 2866
197 181 288 228 532
422 163 1224 214 MOSTELLARIA.
1323 181 1484 243 v.‡59

715 279 738 313 s
779 281 800 313 1
836 281 879 314 M
916 281 964 314 ο.

194 332 334 381 Aedis
362 330 484 378 dico.

472 416 1200 452 THEUROPIDES.

443 478 567 543 Ergo
603 477 730 523 intro
762 493 819 523 eo
852 476 951 521 sine
984 475 1283 538 perductore.

714 571 961 605 SIMO.
1455 578 1461 585 ·

1180 623 1479 682 .I,Hcet.

468 699 1195 737 THEUROPIDES.

189 766 279 813 Ibo
308 765 434 813 intro
466 765 622 830 igitur.

642 850 673 882 T
710 850 745 883 R
782 849 816 881 A
851 848 886 881 N
921 848 943 880 1
979 848 1028 881 o.

486 910 631 955 Mane
662 909 743 954 sis:
769 907 958 954 videam
986 923 1049 952 ne
1079 907 1215 954 canis.

467 1002 1192 1037 THEUROP1DES.

1103 1061 1480 1129 Agedumvide.

640 1141 1025 1175 TRANIO.
1255 1157 1274 1169 κ

189 1197 283 1244 Est.

474 1270 1195 1306 THEUROPIDES·

256 1333 352 1381 Ubi
379 1332 502 1378 canis
535 1332 636 1378 est?

643 1416 676 1449 Τ
711 1417 745 1450 R
781 1417 816 1448 A
851 1417 885 1450 N
921 1416 942 1448 1
981 1416 1028 1450 o.

286 1487 380 1534 Abi
401 1486 615 1533 dierecta.
637 1488 696 1533 st!
717 1486 840 1532 abin’
859 1486 972 1533 hinc
993 1486 1044 1532 in
1062 1488 1238 1533 malam
1256 1489 1479 1535 crucem?

188 1560 254 1609 At
277 1561 419 1608 etiam
444 1560 612 1606 restas?
638 1561 698 1605 st!
729 1558 807 1605 abi
834 1558 984 1606 istinc.

710 1652 733 1686 s
770 1653 791 1686 1
829 1653 872 1686 M
911 1654 961 1686 o.

893 1712 1026 1759 Nihil
1054 1713 1219 1775 pericli
1247 1723 1343 1771 est,
1377 1730 1477 1778 age.

186 1786 310 1834 Tam
337 1786 523 1848 placida
554 1797 646 1844 est,
674 1803 823 1847 quam
855 1797 923 1832 est
952 1803 1098 1848 aqua:
1124 1787 1232 1834 vise.
1261 1787 1330 1832 ite
1349 1786 1478 1834 intro

441 1858 662 1904 audacter
684 1859 807 1904 licet.

186 1933 258 1980 Eo
286 1948 374 1997 ego
405 1931 516 1977 hinc
545 1931 604 1976 ad
631 1931 806 1978 forum.

469 2023 1187 2059 THEUROPIDES.

598 2092 767 2139 Fecisti
794 2089 1053 2138 commode
1074 2124 1087 2147 ,
1116 2090 1242 2136 bene
1269 2091 1475 2140 ambula.

184 2165 364 2211 Tranio
385 2181 468 2230 age
482 2199 495 2222 ,
518 2181 687 2211 canem
714 2166 851 2212 istam
867 2181 894 2210 a
916 2163 1099 2212 foribus
1128 2165 1331 2212 abducas
1359 2165 1472 2215 face.

186 2238 284 2287 Etsi
307 2255 408 2284 non
433 2239 694 2284 metuenda
718 2250 803 2287 est.

641 2333 673 2366 T
708 2334 742 2367 R
775 2334 811 2367 A
846 2335 882 2368 N
916 2334 938 2366 1
973 2335 1022 2368 o.

305 2425 308 2428 *
356 2399 494 2471 Quin
513 2410 567 2448 tu
594 2400 725 2447 illam
744 2401 921 2464 aspice,
953 2413 1008 2449 ut
1037 2401 1221 2464 placide
1243 2400 1467 2449 accubat!
