1618 2866
211 201 311 250 344
458 181 713 231 MILEs
762 181 1260 231 GLoR1osus.
1371 183 1497 245 v.63

216 290 343 353 Ergo
375 296 605 333 mecastor
635 286 835 348 pulcher
866 296 956 342 est,
985 287 1173 349 inquit,
1195 289 1316 334 mihi

214 363 276 409 Et
300 359 500 407 liberalis
521 358 658 404 visus.
691 358 905 404 caesaries
930 375 1077 420 quam
1107 359 1268 407 decet!

210 436 313 482 Nae
335 434 440 478 illae
459 444 570 478 sunt
587 431 855 478 fortunatae
869 467 882 490 ,
911 449 1034 494 quae
1056 449 1169 480 cum
1189 435 1276 482 isto
1298 435 1500 483 cubant!

405 528 1327 564 PYRGOPOLINICES.

207 604 345 651 Itane
386 602 513 649 aibat
544 599 778 647 tandem?

523 696 1199 734 ARTOTROGUs-.

660 765 799 834 Quae
827 781 906 811 me
932 766 1098 812 ambae
1127 765 1502 822 obsecraverint,

210 841 276 887 Ut
302 851 350 887 te
372 839 518 886 hodie
551 839 685 900 quasi
711 855 945 903 pompam
972 839 1048 885 illa
1072 839 1501 902 praeterducerem.

406 938 1317 974 PYRGOPOLINICES.

213 1011 373 1058 Nimia
389 1011 444 1059 'st
466 1009 648 1060 miseria
674 1009 934 1071 pulchrum
961 1026 1054 1056 esse
1080 1010 1331 1057 hominem
1348 1008 1503 1054 nimis.

529 1111 1208 1147 ARTOTROGUS.

215 1176 448 1222 Molestae
473 1184 583 1219 sunt
600 1173 746 1231 mihi,
772 1185 934 1232 orant,
963 1175 1212 1233 ambiunt,
1231 1176 1506 1235 obsecrant,

215 1249 395 1295 Videre
419 1259 474 1294 ut
503 1248 667 1293 liceat:
699 1246 761 1293 ad
791 1265 886 1293 sese
908 1249 1066 1294 arcessi
1090 1250 1297 1313 jubent:

211 1321 279 1370 Ut
306 1331 394 1366 tuo
421 1336 523 1366 non
553 1321 691 1365 liceat
718 1337 913 1380 operam
940 1321 1050 1367 dare
1077 1324 1288 1386 negotio.

409 1417 1324 1454 PYRGOPOLINICES.

213 1489 419 1537 Videtur
449 1498 641 1548 tempus
674 1488 766 1531 esse
787 1519 800 1542 ,
831 1496 886 1530 ut
910 1501 1071 1530 eamus
1093 1486 1154 1531 ad
1180 1486 1370 1544 forum,

215 1563 282 1609 Ut
314 1563 365 1607 in
392 1561 574 1607 tabellis
605 1576 727 1620 quos
756 1558 1028 1622 consignavi
1058 1558 1136 1603 hic
1165 1559 1266 1604 heri

215 1636 443 1683 Latrones
465 1669 478 1691 ‚
509 1634 616 1679 ibus
649 1632 951 1678 dinumerem
981 1631 1289 1693 stipendium.

217 1710 342 1755 Nam
374 1725 459 1753 rex
481 1707 704 1752 Seleucus
732 1722 811 1750 me
838 1721 981 1766 opere
1007 1704 1157 1750 oravit
1179 1720 1438 1763 maxumo,

219 1781 286 1828 Ut
313 1780 401 1825 sibi
429 1781 632 1824 latrones
661 1794 880 1841 cogerem
913 1788 960 1822 et
991 1777 1348 1824 conscriberem.

215 1853 334 1917 Regi
360 1853 491 1900 hunc
517 1851 646 1896 diem
668 1851 788 1895 mihi
811 1866 1005 1911 operam
1031 1850 1277 1897 decretum
1296 1853 1349 1897 'st
1378 1851 1501 1898 dare.

519 1948 554 1982 A
590 1950 623 1983 R
660 1948 690 1980 T
731 1947 763 1979 o
804 1946 834 1979 T
872 1948 906 1981 R
941 1947 974 1980 o
1013 1946 1046 1980 G
1083 1946 1117 1979 U
1154 1946 1193 1980 s.

216 2011 319 2079 Age
352 2027 512 2060 eamus
544 2026 668 2074 ergo.

411 2107 1323 2145 PYRGOPOLINICES.

665 2160 959 2239 Sequimini,
993 2177 1221 2223 satellites.
