1618 2866
279 182 372 242 388
521 178 765 227 MILES
814 181 1308 234 GLORIOSUS.
1434 205 1557 247 v.17

275 291 372 339 Sed
396 292 510 339 volo
537 291 650 337 scire
666 324 680 347 ‚
701 289 873 337 eodem
895 292 1118 352 consilio,
1142 294 1279 357 quod
1302 295 1430 343 in'tus
1460 313 1559 344 me⁴

532 365 667 411 ditati
690 381 851 410 sumus
865 399 881 423 ‚

273 438 323 487 Si
346 441 551 504 gerimus
582 455 698 484 rem.

431 531 1417 570 PERIPLECTOMENES.

560 590 707 655 Magis
729 591 790 636 ad
814 607 916 637 rem
944 608 1037 638 esse
1066 608 1168 639 non
1196 605 1355 656 potest
1374 595 1556 644 utibile.

598 686 1243 728 PALAEsssrRIo.

271 749 431 797 Immo
467 746 588 810 quid
620 746 739 804 tibi,
765 746 1038 793 Pleusides?

628 842 657 875 P
693 841 723 873 L
758 841 789 874 E
827 841 862 874 U
899 841 922 875 s
958 842 979 874 1
1015 842 1051 874 D
1086 843 1116 875 Ε
1153 842 1191 877 s.

482 892 697 974 Qljodne
717 903 864 967 'vais
888 904 1070 964 placeat
1085 938 1101 962 ,
1134 903 1374 968 displiceat
1401 907 1555 954 mihi?

268 980 392 1051 Quis
417 979 568 1024 homo
595 977 653 1022 sit
681 976 826 1040 magis
853 992 1015 1034 meus,
1047 993 1194 1038 quam
1220 989 1276 1025 tu
1304 995 1350 1026 es
1366 979 1389 1025 Ξ>

428 1076 1407 1114 PERIPLECTOMENES.

759 1137 982 1199 Loquere
1009 1139 1168 1201 lepide
1200 1150 1248 1187 et
1280 1140 1550 1188 commode.

591 1232 620 1264 P
659 1229 695 1263 Α
729 1230 760 1263 1.
795 1231 830 1264 A
863 1230 893 1262 E
930 1230 954 1264 s
992 1230 1023 1263 T
1059 1233 1092 1266 R
1129 1232 1151 1264 1
1191 1232 1242 1265 o.

200 1292 217 1310 ⁶
267 1296 356 1345 Pol
388 1295 452 1339 ita
481 1292 619 1338 decet
650 1292 782 1337 hunc
814 1291 979 1338 facere.
1009 1286 1011 1290 ¹
1209 1306 1218 1315 ·

621 1385 648 1417 P
686 1384 717 1418 L
751 1385 781 1417 E
819 1384 855 1416 U
891 1386 913 1418 S
951 1386 972 1417 Ι
1004 1387 1040 1418 D
1079 1386 1110 1420 E
1147 1387 1186 1422 S·

266 1484 270 1488 .
530 1445 597 1492 At
627 1446 719 1491 hoc
749 1461 828 1490 me
855 1444 1034 1491 facinus
1055 1447 1282 1495 miserum
1315 1460 1549 1509 macerat,

263 1522 533 1580 Meumque
566 1535 646 1565 cor
664 1553 679 1576 ,
706 1533 977 1579 corpusque
1003 1519 1190 1564 cruciat.

421 1617 1425 1654 PERIPLECTOMENES..

655 1678 792 1748 Quid
823 1678 875 1724 id
902 1689 994 1736 est,
1016 1678 1152 1739 quod
1169 1679 1376 1726 cruciat?
1407 1681 1541 1729 cedo.

616 1772 645 1804 P
682 1771 712 1803 1.
747 1771 778 1804 Ε
815 1770 850 1802 U
887 1770 909 1803 s
946 1771 967 1803 1
1002 1772 1038 1803 D
1073 1771 1103 1803 Ε
1139 1771 1179 1805 s.

259 1847 341 1894 Me
364 1845 452 1892 tibi
479 1845 599 1889 istuc
624 1841 781 1886 aetatis
814 1840 999 1886 homini
1026 1839 1230 1888 facinora
1262 1844 1463 1904 puerilia

259 1919 482 1983 Objicere
502 1951 516 1974 ‚
549 1930 709 1976 neque
733 1925 780 1960 te
809 1913 1004 1971 decora,
1038 1929 1200 1974 neque
1225 1916 1319 1962 tuis
1348 1917 1537 1964 virtuti·-

510 1990 601 2036 bus
619 2023 634 2045 ,

257 2068 324 2114 Ea
354 2077 402 2112 te
434 2074 678 2126 expetere:
715 2070 763 2105 te
794 2075 854 2105 ex
883 2059 1054 2121 opibus
1091 2060 1290 2107 summis
1323 2061 1419 2107 mei
1451 2061 1539 2107 ho-

507 2135 632 2183 noris
663 2133 835 2198 gratia,

256 2213 476 2273 Mihique
499 2208 676 2256 amanti
705 2207 770 2252 ire
802 2205 1090 2268 opitulatum
1106 2237 1120 2262 ‚
1150 2215 1296 2266 atque
1322 2221 1376 2251 ea
1400 2214 1448 2250 te
1467 2202 1537 2267 fa·-v

510 2298 612 2328 cere
643 2280 847 2328 facinora
866 2313 880 2336 ,

255 2359 395 2428 Quae
428 2357 565 2403 istaec
596 2364 716 2399 aetas
748 2352 910 2417 fugere
935 2351 1054 2398 facta
1083 2351 1257 2416 magis,
1287 2365 1435 2412 quam
1464 2362 1531 2394 se·

507 2427 619 2476 etati
653 2427 784 2475 solet.
