1618 2866
62 172 203 231 1⁶55}
306 213 312 220 .
390 165 680 215 ACTUS
733 166 817 212 ΙΙ.
869 164 971 213 SC.
1026 166 1104 213 11.
1261 181 1351 227 353

226 288 1212 326 PERIPLECTOMENES.

68 350 242 405 ¹Viden'
272 350 417 397 hostis
456 351 548 397 tibi
583 350 739 397 adesse
755 385 770 408 ,
817 361 1007 412 tuoque
1051 362 1185 417 tergo
1229 352 1357 399 obsi-

324 424 493 481 dium?
521 425 740 470 consule:
1292 475 1297 477 ,

70 497 238 561 Anipe
260 513 407 559 opem
423 496 757 557 auxiliumque
774 496 835 542 ad
858 497 980 544 hanc
1006 513 1121 546 rem.
1152 514 1357 562 propere

284 619 293 624 ,
328 570 453 627 hoc,
486 585 590 615 non
618 568 804 630 placide
833 569 984 616 decet.

73 644 364 694 Antevenito
400 643 559 704 aliqua
592 643 778 703 aliquos
795 676 811 701 ,
845 655 929 691 aut
965 656 1021 690 tu
1052 645 1359 693 circumduce

338 726 626 761 exercitum:

75 790 221 838 Curre
241 790 294 835 in
315 786 556 835 obsidium
585 786 866 848 perduellis,
885 789 1052 835 nostris
1073 791 1363 852 praesidium

330 877 468 923 para:
786 875 805 915 ἡ

77 933 395 982 Intercludito
443 931 645 978 inimicis
678 943 998 979 conmeatum
1022 967 1038 991 ,
1081 933 1172 980 tibi
1221 936 1364 982 muni

331 1006 459 1052 viam
479 1038 494 1061 ‚
936 1039 950 1043 -

80 1083 195 1151 Qua
210 1080 391 1127 cibatus
409 1085 785 1135 conmeatusque
804 1074 867 1119 ad
886 1084 934 1121 te
955 1087 1004 1121 et
1026 1077 1236 1141 legiones
1259 1088 1366 1124 tuas

79 1155 215 1200 Tuto
248 1151 393 1214 possit
420 1148 681 1211 pervenire.
710 1148 832 1195 hanc
866 1165 969 1195 rem
1000 1165 1098 1213 age.
1134 1165 1204 1196 tes
1232 1150 1363 1196 subi-

334 1234 447 1269 tana
463 1222 531 1268 ’st.
1064 1220 1076 1236 ⁰

82 1297 255 1359 Repeti
270 1330 285 1355 ,
318 1295 655 1342 conminiscere
671 1328 688 1353 ‚
723 1295 843 1341 cedo
873 1295 1082 1344 calidum
1112 1297 1366 1345 consilium

336 1369 446 1416 cito.

88 1443 232 1513 Quae
258 1442 336 1489 hic
356 1452 469 1488 sunt
498 1441 625 1498 visa,
649 1451 707 1486 ut
735 1440 831 1487 visa
856 1455 919 1487 ne
946 1441 1064 1487 sint:
1098 1441 1219 1488 facta
1245 1443 1369 1490 infe-

338 1526 414 1561 cta
436 1525 510 1560 uti
527 1524 661 1559 Slent.
1225 1562 1230 1566 .

87 1589 313 1654 Magnam
331 1588 425 1634 illic
439 1622 453 1644 ,
475 1588 625 1632 homo
640 1621 653 1643 ‚
677 1603 779 1633 rem
801 1588 1043 1650 incipissis:
1068 1606 1240 1654 magna
1261 1609 1369 1638 mu-

340 1677 412 1707 ms
434 1676 639 1705 moenia.

89 1736 221 1783 Tute
249 1750 373 1782 unus
394 1734 430 1779 si
450 1733 657 1794 recipere
683 1734 777 1779 hoc
801 1732 863 1778 ad
885 1743 934 1777 te
964 1732 1102 1791 dicis,
1129 1736 1373 1783 confiden-

341 1808 408 1854 tia
427 1808 484 1852 ’st

59 1935 62 1937 Α
94 1880 193 1929 Nos
214 1875 430 1928 iuimicos
455 1877 702 1942 profligare
724 1894 873 1939 posse.

420 1973 450 2006 P
487 1972 525 2006 A
557 1972 589 2005 L
623 1973 660 2005 A
692 1971 723 2004 E
759 1970 783 2005 s
818 1971 851 2004 Τ
886 1972 921 2005 R
955 1972 978 2004 1
1013 1972 1062 2004 o.

909 2029 1033 2076 Dico
1061 2041 1110 2076 et
1134 2032 1311 2092 recipio

102 2093 182 2141 Ad
205 2109 299 2141 me.
931 2095 936 2105 ’
1132 2142 1135 2144 ,

262 2177 1242 2232 ΡΕΒΙΡΕΕΟΤΟΜΕᾙΕΕ.

168 2238 231 2285 Et
246 2254 334 2302 ego
348 2238 694 2300 inpetratuxum
712 2240 820 2287 dico
837 2241 889 2287 id
905 2241 1043 2302 quod
1059 2242 1194 2303 petis.

430 2333 460 2366 Ρ
495 2334 531 2367 A
564 2334 596 2367 1.
630 2335 666 2367 A
699 2336 731 2370 Ε
767 2336 791 2371 s
827 2337 859 2370 T
892 2338 928 2372 R
962 2337 984 2369 1
1021 2337 1069 2370 o.

940 2395 943 2397 ’
1023 2396 1088 2441 At
1105 2405 1153 2439 te
1166 2394 1385 2460 Juppitet

182 2463 273 2511 Vol.
291 2462 356 2507 ΙΙ.
1108 2465 1149 2510 Ζ
