1618 2866
211 202 309 252 204
475 190 1214 244 MENAECHMEI.
1365 212 1500 260 v.49

511 324 1199 364 MENAECHMUS.

779 397 908 443 Novi
936 414 1048 444 cum
1070 398 1242 445 Calcha
1265 400 1434 446 simul:
1494 404 1496 406 ’

210 465 399 515 Eodem
433 465 511 513 die
539 469 640 516 vidi
668 470 835 527 illurn,
861 487 964 531 quo
990 481 1040 517 te
1066 481 1177 516 ante
1198 471 1330 520 hunc
1355 473 1499 520 diem.

660 570 703 602 M
742 569 777 602 U
815 570 845 602 L
883 571 903 603 1
939 572 968 606 Ε
1007 573 1054 606 R.

211 631 363 697 Negas
389 634 573 680 novisse
601 636 723 682 me?
756 653 896 702 negas
923 649 1109 698 patrem
1138 639 1344 699 meum?

520 737 564 770 M
600 737 630 769 Ε
666 738 700 770 N
736 737 772 770 A
807 739 838 770 E
875 739 903 771 c
940 739 974 771 H
1011 740 1054 772 Μ
1091 740 1127 772 U
1164 740 1204 773 s.

213 793 352 840 Idem
387 795 546 842 hercle
581 797 737 844 dicam
756 832 770 855 ‚
805 798 842 843 si
869 814 1012 844 avom
1039 799 1109 844 vis
1132 799 1386 848 adducere.

664 895 707 926 M
745 893 780 926 U
818 893 849 927 1.
886 894 905 926 1
943 894 973 926 Ε
1012 894 1061 927 R.

217 959 407 1006 Ecastor
435 961 608 1022 pariter
635 961 758 1018 hoc,
783 971 930 1022 atque
956 961 1064 1007 alias
1088 978 1157 1008 res
1183 963 1317 1009 soles.

589 1071 981 1146 scENA
1064 1100 1163 1147 ιι.

219 1241 467 1278 SENEX,
511 1241 783 1279 MULIER,
838 1242 1272 1279 MENAECHMUS
1317 1231 1513 1280 Sosicles.

717 1370 740 1404 s
776 1371 807 1404 E
842 1372 877 1406 N
910 1372 940 1405 E
977 1372 1028 1406 x.

221 1422 363 1534 UT
390 1501 510 1536 aetas
534 1506 640 1537 mea
657 1501 725 1537 est
740 1526 754 1548 ‚
780 1501 927 1551 atque
954 1501 1011 1537 ut
1031 1491 1125 1537 hoc
1147 1507 1258 1538 usus
1282 1491 1408 1538 facto
1428 1501 1520 1549 est,

225 1561 442 1608 Gradum
474 1563 711 1624 proferam
732 1598 747 1621 ‚
775 1563 999 1627 progredi
1036 1564 1322 1626 properabo.

226 1632 322 1680 Sed
346 1635 395 1680 id
423 1653 571 1697 quarn
607 1636 742 1683 facile
772 1637 829 1683 sit
857 1637 1009 1695 mihi,
1039 1637 1171 1683 haud
1197 1655 1304 1684 sum
1334 1637 1488 1684 falsus.

225 1709 350 1755 Nam
379 1712 628 1772 pernicitas
653 1712 849 1758 deserit:
890 1712 1097 1758 consitus
1125 1729 1233 1758 sum

227 1783 512 1832 Senectute:
551 1798 782 1833 onustum
810 1803 922 1850 gero
958 1803 1161 1848 corpus;
1194 1788 1317 1843 vires

229 1855 500 1918 Reliquere.
536 1872 593 1906 ut
624 1871 745 1906 aetas
772 1861 923 1915 mala,
950 1876 1087 1906 merx
1115 1860 1238 1906 mala
1266 1869 1334 1906 est
1357 1860 1521 1923 tergo!

227 1930 354 1977 Nam
376 1948 446 1977 res
479 1933 706 1994 plurimas
737 1949 1001 1994 pessumas,
1026 1948 1182 1993 quom
1210 1930 1434 1990 advenit,
1456 1931 1526 1978 af-

485 2004 575 2051 fert
595 2025 605 2050 z

232 2079 364 2148 Quas
389 2079 426 2124 si
446 2090 697 2124 autumem
717 2077 872 2124 omnis
886 2111 900 2134 ,
921 2075 1063 2122 nimis
1085 2076 1257 2139 longus
1277 2091 1430 2122 sermo
1451 2075 1523 2122 sit.

232 2148 328 2194 Sed
355 2150 470 2195 haec
496 2166 566 2195 res
585 2149 705 2195 mihi
729 2150 779 2194 in
806 2159 999 2210 pectore
1026 2159 1074 2195 et
1101 2147 1243 2194 corde
1265 2147 1392 2207 *dura
1422 2158 1517 2205 est,

234 2221 486 2291 Quidnam
523 2223 616 2268 hoc
649 2222 707 2268 sit
739 2221 931 2286 negoti,
964 2219 1102 2281 quod
1135 2220 1230 2266 filia
1256 2220 1321 2266 sic

234 2295 451 2358 Repente
479 2296 662 2357 expetit
688 2311 767 2341 me
784 2329 798 2352 ,
824 2305 880 2340 ut
904 2293 965 2340 ad
999 2309 1094 2339 sese
1117 2293 1250 2341 irem.

237 2371 366 2427 Nec,
398 2369 519 2431 quid
547 2370 598 2416 id
634 2370 718 2426 sit,
752 2367 872 2414 mihi
906 2368 1076 2414 certius
1101 2367 1246 2428 facit,

238 2444 378 2515 Quid
403 2444 519 2494 velit
537 2479 551 2506 ‚
583 2442 707 2506 quid
735 2459 816 2490 me
839 2453 1041 2490 arcessat.
