1618 2866
221 172 318 218 554
449 149 1238 210 MOSTELLA-Rr'A.
1376 167 1508 227 ηε

218 263 293 311 Ne
327 264 458 309 enim
486 264 555 309 illi
587 264 683 311 huc
711 265 967 331 confugere
998 269 1202 330 possint,
1233 273 1498 333 quaestioni

475 353 597 398 quos
627 337 772 384 dabit.

218 409 313 456 Hic
339 425 427 474 ego
453 410 542 457 tibi
567 411 843 472 praesidebo
861 446 875 470 ,
904 429 966 460 ne
998 414 1241 464 interbitat
1258 417 1495 482 'quaestio.

512 503 1222 545 THEUROPIDES.

219 552 379 622 Surge.

677 635 709 668 T
743 635 777 668 R
812 635 846 668 A
880 636 914 669 N
948 637 970 669 1
1008 637 1055 671 Ο.

348 684 564 731 Minime.

510 764 1233 808 THEUROPIDESJ

474 837 549 883 Ne
578 840 835 900 occupassis
849 874 862 898 ‚
888 840 1082 887 obsecro
1098 875 1112 899 ‚
1139 859 1279 890 aram.

677 933 708 966 'r
745 935 778 968 R
812 934 848 967 A
887 936 922 969 N
957 936 978 969 1
1017 935 1067 970 ο.

1246 989 1375 1038 Cur?

514 1072 1237 1110 THEUROPIDES.

403 1175 409 1185 Ι
1365 1127 1502 1176 Scies.

222 1198 356 1268 Quia
385 1197 436 1244 id
469 1200 598 1246 enim
628 1217 855 1248 maxume
884 1203 1026 1260 volo,
1057 1213 1113 1249 ut
1140 1203 1210 1249 illi
1244 1203 1361 1250 istoc
1391 1219 1509 1249 con-

474 1271 683 1337 fugiant:
723 1274 836 1320 sine.

220 1342 382 1392 Tanto
414 1346 546 1407 apud
568 1346 784 1410 judicem
810 1348 940 1394 hunc
970 1349 1148 1413 argenti
1168 1348 1504 1397 condemnabo

478 1418 669 1465 facilius.
786 1479 788 1481 -

680 1505 711 1537 Τ
747 1507 781 1539 Β.
817 1505 851 1538 A
887 1506 921 1540 N
960 1506 982 1539 I
1019 1507 1065 1540 O.

224 1563 379 1634 Quod
412 1566 505 1629 agis
523 1600 537 1623 ‚
575 1565 628 1610 id
662 1582 779 1630 agas.
821 1566 942 1628 quid
979 1577 1036 1613 tu
1070 1584 1213 1629 porro
1246 1569 1315 1614 vis
1350 1582 1498 1617 serere

423 1651 426 1654 ·
477 1638 768 1702 negotium?

226 1707 384 1754 Nescis
408 1720 464 1755 tu
490 1727 638 1771 quam
656 1709 934 1757 meticulosa
950 1727 1020 1756 res
1038 1711 1095 1757 sit
1116 1711 1183 1758 ire
1204 1711 1265 1757 ad
1276 1710 1506 1776 judicem.

518 1803 1237 1856 THEUROPIDJES.

226 1869 492 1938 Surgedum
527 1874 637 1919 huc.
682 1885 750 1920 est
799 1876 1043 1920 consulere
1087 1875 1230 1939 igitur
1277 1875 1508 1937 quiddam

479 1945 618 2007 quod
649 1957 813 1992 tecum
837 1948 966 1993 volo.

679 2043 1061 2078 TRANIO.

228 2102 304 2151 Sic
326 2115 487 2153 tamen
512 2108 623 2154 hinc
647 2107 898 2154 consilium
917 2106 1106 2153 dedero.
1141 2107 1291 2154 nimio
1313 2109 1420 2171 plus
1438 2125 1506 2157 sa-

335 2191 337 2195 ‘
481 2181 564 2241 pio
597 2181 773 2228 sedens.
1359 2193 1362 2195 ’

226 2247 363 2300 Tum
395 2253 586 2299 consilia
618 2254 822 2301 firmiora
852 2263 962 2300 sunt
991 2253 1050 2299 de
1081 2253 1250 2300 divinis
1281 2255 1415 2302 locis:

521 2349 1231 2383 THEUROPIDES.

220 2404 402 2473 Surge,
425 2425 486 2455 ne
509 2420 707 2474 nugare:
736 2409 1008 2472 aspicedum
1030 2421 1193 2456 contra
1218 2426 1311 2456 me.
