1618 2866
235 154 329 201 612
701 147 810 193 PE
844 145 947 194 RS
979 146 1035 193 A.
1392 150 1526 210 v-48*

657 266 689 298 T
723 265 755 299 O
792 266 827 299 X
862 266 884 298 I
919 266 950 299 L
986 266 1022 299 U
1059 265 1094 299 S-

838 327 947 372 Istas
964 361 977 383 ,
1010 342 1134 386 quae
1161 339 1362 388 norunt,
1391 347 1513 394 roga.

230 366 331 464 Ego
362 397 667 445 tantumdem
696 400 789 446 scio
812 435 826 458 ‚
866 411 1101 461 quantum
1140 413 1229 459 tu,
1263 401 1351 448 nisi
1381 404 1518 465 quod

484 472 657 535 pellegi
683 473 825 533 prior.
1486 492 1489 495 ·

230 545 357 603 Sed,
382 556 437 591 ut
466 545 714 607 occepisti,
746 562 806 591 ex
834 546 1015 592 tabellis
1036 561 1177 592 nosce
1204 561 1318 592 rem.

621 639 659 672 D
700 638 732 671 Ο
770 639 803 672 R
839 639 875 671 D
910 639 945 672 A
979 639 1010 671 L
1047 639 1081 672 U
1120 638 1155 672 S·

1060 700 1200 746 Bene·
1214 716 1295 747 me
1323 715 1490 747 mones
1504 718 1516 754 ς

228 763 266 809 F
269 779 320 810 ac
351 763 602 811 silentium.

653 841 686 874 ‘r
723 839 754 872 o
790 840 827 875 x
865 840 886 873 1
922 839 952 873 L
981 840 1024 873 *U
1060 840 1096 874 s.

454 900 596 947 Nunc
625 900 687 946 ad
717 899 840 945 illud
866 899 1025 947 venies
1044 934 1059 957 ‚
1089 899 1226 961 quod
1251 899 1393 948 refert
1419 910 1511 947 tua.

528 1004 532 1008 -
606 995 641 1027 D
685 995 716 1027 o
756 996 789 1028 R
825 995 860 1027 D
897 994 932 1026 A
967 994 996 1026 L
1036 994 1070 1027 U
1107 995 1148 1029 s.

226 1059 349 1115 Iste,
386 1056 472 1118 qui
499 1055 689 1101 tabellas
714 1053 844 1099 affert
863 1088 877 1110 ‚
914 1053 1118 1099 adduxit
1151 1054 1292 1100 simul

227 1131 399 1176 Forma
430 1127 696 1190 expetenda
733 1127 975 1174 liberalem
1008 1129 1287 1184 mulierem,

225 1202 466 1248 Furtivam
482 1236 496 1259 ‚
524 1200 769 1245 advectam
796 1215 855 1244 ex
880 1199 1053 1245 Arabia
1085 1200 1416 1261 penitissuma;

227 1275 346 1321 Eam
368 1286 431 1318 te·
447 1274 559 1334 volo
587 1287 831 1328 accurare,
863 1282 918 1317 ut
952 1271 1051 1317 istic
1087 1267 1286 1329 veneat,

226 1345 296 1391 Ac
325 1361 410 1390 suo
436 1343 649 1405 periculo
682 1344 717 1388 is
741 1354 891 1401 emat,
922 1344 1006 1403 qui
1037 1360 1140 1389 eam
1168 1345 1475 1392 mercabitur:

223 1418 484 1479 Mancupio
524 1433 684 1477 neque
725 1416 976 1477 promittet
996 1451 1011 1474 ‚
1060 1433 1221 1478 neque
1259 1418 1511 1479 quisquam

479 1491 625 1537 dabit.

223 1567 440 1615 Probum
458 1576 504 1611 et
516 1574 826 1611 numeratum
840 1572 1087 1626 argentum
1105 1571 1159 1607 ut
1173 1560 1383 1621 accipiat,
1395 1558 1508 1606 face.

228 1641 360 1687 Haec
391 1653 531 1696 cura,
569 1648 616 1682 et
645 1636 811 1697 hospes
833 1651 943 1680 cura
974 1645 1029 1680 ut
1065 1644 1265 1680 curetur.
1292 1633 1409 1680 vale.

646 1721 678 1754 T
715 1722 747 1753 O
784 1721 819 1752 X
856 1722 877 1753 1
912 1721 943 1753 L
981 1720 1017 1753 U
1051 1719 1089 1753 S.

224 1785 364 1854 Quid
389 1784 554 1848 igitur,
577 1793 834 1843 postquam
861 1781 1091 1839 recitasti,
1126 1780 1265 1843 quod
1298 1791 1395 1828 erat
1426 1796 1506 1827 ce-

475 1873 552 1902 rae
579 1856 846 1913 creditum,

216 1929 324 1989 Jam
356 1930 471 1976 mihi
504 1928 687 1975 credis?

609 2015 645 2047 D
681 2014 714 2047 Ο
752 2014 786 2047 R
821 2014 857 2047 D
895 2014 930 2046 A
964 2013 995 2046 L
1033 2012 1068 2046 U
1107 2013 1146 2046 S.

373 2074 468 2121 Ubi
495 2091 625 2122 nunc
650 2075 728 2121 isse
745 2076 801 2121 ’st
821 2075 988 2138 hospes
1001 2110 1015 2133 ‚
1035 2075 1122 2136 qui
1142 2073 1276 2120 hasce
1299 2072 1504 2120 adtulit?

643 2170 675 2203 T
712 2171 744 2203 o
781 2170 818 2203 x
852 2171 874 2204 1
912 2171 943 2204 L
978 2170 1013 2203 U
1050 2170 1087 2203 s.

215 2228 321 2289 Jam
341 2231 419 2277 hic
443 2231 586 2278 credo
612 2231 786 2277 aderit:
827 2233 1009 2278 arcessit
1037 2231 1167 2275 illam
1196 2246 1222 2275 a
1248 2230 1369 2276 navi.

610 2326 647 2359 D
685 2326 717 2360 ο
753 2327 787 2360 R
821 2327 857 2360 D
893 2327 928 2360 A
963 2326 995 2360 L
1032 2325 1067 2357 U
1105 2325 1144 2358 s.

1031 2388 1162 2434 Nihil
1187 2385 1305 2434 mihi
1332 2401 1429 2446 opu
1449 2383 1502 2431 ’st
