1618 2866
245 159 343 223 ‘428
471 153 729 205 MILES
773 152 1279 237 ‹JLORIOSUS
1395 151 1534 218 'v.85

573 248 1218 313 PALA'ESTRIO.

202 348 211 361 “
247 343 367 390 Meri
399 342 646 388 bellatores
681 340 940 404 gignuntur
955 372 969 396 ‚
1010 352 1125 398 quas
1154 337 1231 384 hic
1263 347 1536 402 praegnates

501 413 625 460 fecit.
1051 412 1061 423 ‘

245 487 309 534 Et
334 488 472 550 pueri
503 503 652 533 annos
684 487 985 551 octingentos
1013 483 1199 530 vivont.
1310 522 1330 528 ,

539 552 1252 613 MILPHIDIPPA]

1013 638 1112 685 Vae
1142 637 1263 693 tibi,
1303 637 1533 701 nugator!

442 709 1352 789 PYRQOPOLINICES.

246 794 385 864 Quin
413 795 546 840 mille
582 811 820 841 annorum
850 806 1086 856 perpetuo
1121 794 1292 840 vivont
1312 828 1325 850 ‚
1356 794 1417 839 ab
1444 810 1541 839 sae-

504 869 614 914 culo
645 867 706 913 ad
734 869 952 927 saeclum.

575 964 603 996 P
645 963 679 996 A
715 964 746 996 Ι,
781 963 816 996 A
849 963 879 995 E
918 962 940 995 s
978 962 1010 994 T
1045 963 1079 995 R
1118 961 1138 993 1
1180 961 1231 994 o.

246 1022 321 1070 Eo
350 1023 509 1070 minus
541 1024 669 1081 dixi,
705 1041 767 1070 ne
793 1025 908 1070 haec
939 1033 1148 1070 censeret
1174 1037 1254 1067 me
1286 1019 1540 1068 advorsum

506 1114 553 1144 se
582 1098 790 1144 mentiri.

543 1188 1249 1225 MILPHIDIPPA.

249 1250 403 1308 Perii,
448 1263 571 1312 quot
607 1253 683 1299 hic
719 1254 817 1315 ipse
852 1269 1000 1298 annos
1039 1251 1200 1310 vivet,
1243 1248 1418 1314 quojus
1458 1245 1543 1292 filii

505 1332 604 1367 tarn
633 1323 717 1369 diu
749 1323 957 1370 vivont?

448 1394 1365 1451 PYRGOPOLINICESJ

249 1473 502 1523 Postriduo
535 1488 673 1523 natus
707 1494 813 1523 sum
845 1493 931 1541 ego
953 1511 967 1533 ‚
1001 1475 1202 1532 mulier,
1242 1489 1391 1534 quam
1418 1471 1542 1531 Jup-

505 1551 719 1612 piterlex
746 1551 856 1613 Ope
891 1561 1009 1595 natu
1029 1549 1097 1594 ‘st.
1156 1609 1161 1614 -

580 1647 609 1679 P
646 1646 680 1678 A
716 1647 746 1679 L
784 1645 820 1678 A
854 1645 884 1678 E
922 1644 943 1677 S
984 1644 1015 1676 T
1051 1644 1086 1676 R
1121 1642 1142 1675 1
1181 1641 1231 1673 Ο.

254 1705 302 1753 Si
332 1709 408 1754 hjc
435 1709 588 1770 pridie
611 1720 748 1755 natus
779 1708 931 1764 foret,
961 1723 1109 1768 quam
1131 1705 1209 1750 ille
1228 1713 1294 1748 est
1311 1735 1324 1758 ,
1352 1700 1428 1746 hic
1450 1700 1533 1745 ha·-

509 1782 642 1827 beret
671 1797 874 1845 regnum
906 1781 958 1826 in
986 1780 1136 1825 coelo.

550 1867 1262 1908 MILPHIDIPPA.

249 1930 358 1990 Jam
379 1932 479 1996 jam
505 1944 600 1990 sat,
625 1934 824 1990 amabo,
857 1942 937 1978 est.
969 1931 1103 1976 sinite
1137 1930 1331 1986 abeam,
1368 1927 1403 1972 si
1433 1941 1542 1987 pos-

520 2023 656 2064 sum,
687 2006 796 2053 viva
824 2023 851 2051 a
879 2004 1028 2052 vobis.

567 2100 596 2133 P
632 2100 668 2133 A
701 2099 732 2132 L
769 2099 804 2132 A
840 2099 871 2132 E
908 2099 930 2132 S
968 2099 999 2131 T
1035 2100 1069 2132 R
1105 2099 1125 2130 1
1166 2097 1217 2131 O.

258 2159 395 2228 Quin
428 2177 537 2225 ergo
573 2161 701 2218 abis,
733 2159 928 2221 quando
961 2175 1239 2220 responsum
1262 2158 1332 2203 ’st.

554 2260 1260 2298 MILPHIDIPPA.

663 2324 782 2379 Ibo,
811 2333 956 2383 atque
988 2322 1115 2366 illam
1149 2322 1243 2366 huc
1276 2305 1538 2371 adduham‚

265 2397 430 2467 Quam
453 2408 648 2460 propter
673 2413 814 2459 opera
825 2397 880 2443 ’st
903 2395 1033 2441 mihi.
1061 2393 1303 2455 numquid
1320 2392 1422 2440 vis?
