1618 2866
74 151 170 187 v.2
347 133 632 184 ACTUS
681 134 781 181 1v.
833 132 938 180 SC.
988 134 1091 182 v1.
1254 147 1345 193 441

364 236 1063 289 MILPH'IDIPPA.

821 312 900 359 Ad
922 315 1127 370 laevam,
1158 312 1353 372 videtoj

77 387 287 451 Aspicito
304 388 426 434 limis
449 388 595 434 oculis
614 421 628 444 ,
648 403 711 451 ne
729 387 808 433 ine
830 403 915 436 nos
931 403 978 432 se
994 386 1154 432 videre
1171 386 1352 432 sentiat.

297 480 1160 516 AGROTELEUTIUM‚

74 543 245 589 Video.
270 542 447 608 edepol
472 556 603 589 nunc
631 558 720 588 nos
743 553 932 602 tempus
963 551 1030 586 est
1055 542 1196 586 malas
1225 540 1356 604 pejo-

325 634 397 664 xes
430 617 544 663 fieri.

364 700 1061 736 MILPHIDIPPA.

78 764 246 810 Tuum
265 764 321 809 ’st
351 761 656 824 principium.

289 843 1160 881 AGROTELEUTIUM.

469 903 679 950 Obsecro
697 937 710 959 ,
741 914 846 948 tute
878 903 1033 963 ipsum
1055 902 1354 950 convenisti?

73 977 147 1024 Ne
178 994 315 1040 pasce
343 977 479 1033 voci,
507 986 562 1021 ut
589 975 759 1020 audiat.
925 1034 948 1039 Ὦ

367 1058 1069 1095 MILPHIDIPPA.

670 1119 794 1165 Cum
822 1119 924 1181 ipso
954 1121 1039 1181 pol
1066 1110 1177 1165 sum*
1197 1132 1355 1167 secuta

74 1194 261 1240 Placide
280 1195 376 1255 ipsa
391 1228 406 1251 ‚
436 1193 555 1239 dum
576 1191 770 1238 libitum
789 1193 844 1238 ’st
867 1193 1013 1249 mihi,
1047 1192 1195 1243 otiose
1210 1229 1223 1251 ‚
1243 1207 1356 1240 meo

325 1266 548 1311 arbitratu
565 1299 578 1321 ‚
608 1275 664 1309 ut
690 1265 839 1310 volui.

267 1357 1160 1392 PYRGOPOLIN'ICES.

73 1419 249 1466 Audin'
280 1435 404 1480 quae
437 1418 653 1479 loquitur
667 1418 689 1463 ἱ)

376 1505 406 1537 P
441 1505 477 1537 A
511 1504 543 1537 Ι.
581 1504 616 1537 A
653 1504 683 1536 Ε
723 1504 745 1537 s
782 1505 813 1537 Τ
850 1506 884 1539 R
919 1506 940 1538 1
980 1505 1030 1539 ο.

332 1563 508 1611 Audio.
536 1581 683 1625 quam
710 1565 830 1610 laeta
846 1567 928 1622 ’st,
957 1567 1069 1626 quia
1086 1565 1184 1611 adit
1202 1563 1262 1609 ad
1279 1567 1348 1612 te!

293 1649 1157 1690 ACRoTE-LEUTIUM.

75 1709 123 1756 Ο
146 1709 382 1756 fortunata
407 1710 600 1755 mulier!

94 1802 97 1804 ’
265 1788 1172 1837 PYRGOPOL1N1CES.

229 1859 236 1862 Δ
602 1855 668 1902 Ut
700 1853 841 1900 amari
866 1851 1056 1898 videor!

380 1941 410 1974 P
447 1940 482 1973 A
518 1940 549 1973 L
584 1940 621 1974 A
654 1941 685 1973 E
724 1940 747 1974 S
782 1939 814 1972 T
850 1939 884 1972 R
918 1939 940 1971 1
979 1937 1029 1970 Ο.

416 2000 426 2006 “
1074 1997 1258 2061 Dignus
1289 2013 1349 2042 es.

283 2081 1154 2118 ACROTELEUTIUM.

75 2141 337 2188 Permirum
362 2158 536 2192 ecastor
558 2145 793 2207 praedicas
808 2178 822 2201 ‚
843 2155 892 2189 te
915 2142 1057 2188 adisse
1076 2154 1220 2204 atque
1238 2159 1349 2189 exo·-

326 2231 453 2262 rasse.

75 2288 163 2334 Per
198 2287 440 2349 epistolam
458 2323 473 2345 ,
501 2304 583 2339 aut
609 2311 694 2355 per
718 2293 946 2341 nuntium
964 2327 979 2351 ‚
1005 2293 1137 2355 quasi
1159 2307 1347 2354 regern,

333 2358 448 2405 adiri
477 2376 589 2408 eum
620 2366 766 2428 ajunt.
