1618 2866
90 137 226 186 νῶι
413 129 706 179 ACTUS
756 129 815 177 V.
866 128 968 177 SC.
1017 130 1090 176 ΙΙ.
1281 144 1374 190 321

99 242 150 289 Si
172 254 228 288 tu
252 256 361 289 vera
388 238 529 297 dicis,
556 238 854 300 pulchreque
877 236 1135 284 aedificatas
1160 237 1375 286 arbitror.

98 313 196 364 Sed
218 313 339 376 quid
360 307 447 377 ego
474 314 592 358 istuc
615 311 839 358 credam?
861 311 1102 359 vidistin’?
1130 328 1191 359 an
1220 311 1280 360 de
1298 329 1379 360 au.-

352 385 453 430 djto
492 384 719 431 nuntias?

486 470 520 504 E
557 469 592 503 U
629 470 660 502 T
697 470 731 502 Y
767 470 794 503 C
829 469 863 503 H
898 469 933 503 U
968 469 1005 504 S.

97 524 304 590 Egomet
327 522 442 571 vidi.

302 602 309 607 “
484 607 511 640 C
547 606 582 640 H
619 604 654 639 A
689 606 724 639 R
756 605 778 638 I
813 606 847 639 N
880 605 917 639 U
955 605 993 640 S.

386 668 509 738 Quis
541 684 644 714 eam
677 666 880 714 adduxit
908 667 971 713 ad
1002 684 1085 714 vos
1103 667 1127 713 ?

486 760 517 794 Ε
557 760 591 793 U
628 760 659 793 'r
697 760 730 794 Y
766 760 793 792 c
829 759 865 794 Η
901 760 935 793 U
975 761 1014 794 s.

1022 819 1196 881 Inique
1227 837 1376 888 rogas.

490 903 997 938 CHARINUS.

95 956 373 1008 Veradicis.

486 1031 1009 1066 EUTYCHUS.

194 1097 352 1152 Nihil,
373 1094 573 1140 Charine
588 1127 602 1150 ‚
619 1105 668 1139 te
691 1093 890 1154 quidem
910 1092 1182 1154 quidquam
1201 1096 1371 1158 pudet.

100 1171 239 1241 Quid
259 1182 341 1217 tua
362 1168 525 1225 refert,
557 1168 757 1229 quicum
786 1168 896 1221 istac
920 1168 1134 1215 venerit?

485 1271 514 1303 c
548 1255 584 1303 1'1
618 1271 653 1304 A
686 1272 721 1305 R
753 1270 775 1303 1
810 1270 844 1303 N
880 1269 916 1302 U
952 1269 991 1304 s.

974 1328 1110 1376 Dum
1132 1330 1252 1378 istuc
1275 1331 1374 1380 siet.

485 1415 516 1448 E
552 1415 588 1448 U
626 1415 658 1449 Τ
693 1415 728 1448 Y
763 1414 790 1446 c
823 1414 860 1447 Η
899 1413 934 1447 U
971 1414 1009 1448 s.

104 1477 188 1526 Est
220 1476 448 1540 profecto.

489 1563 516 1596 c
551 1562 585 1595 Η
622 1561 657 1594 A
692 1563 727 1595 R
760 1561 782 1593 1
816 1562 850 1594 N
887 1561 923 1594 U
958 1562 997 1595 s.

241 1615 372 1686 Opta
388 1641 497 1688 ergo
520 1623 584 1669 ob
603 1623 756 1670 istunc
773 1623 1003 1668 nuntium
1016 1656 1030 1680 ‚
1050 1621 1173 1683 quid
1187 1622 1254 1670 vis
1271 1622 1374 1669 tibi.

106 1759 110 1762 ,
484 1720 515 1752 Ε
552 1719 586 1752 U
623 1719 655 1751 T
692 1721 726 1753 Y
767 1721 793 1752 c
831 1720 867 1754 Η
901 1719 936 1753 U
975 1720 1014 1754 s.

106 1777 242 1846 Quid
256 1812 270 1837 ‚
294 1779 332 1824 si
363 1778 574 1841 optabo?

259 1870 261 1873 ’
494 1873 521 1904 c
559 1871 594 1904 Η
629 1871 664 1903 Α
699 1873 733 1905 R
767 1871 789 1904 1
825 1872 860 1905 N
897 1871 932 1906 U
969 1872 1007 1906 s.

421 1931 549 1978 Deos
579 1942 709 1979 orato
726 1965 740 1988 ,
770 1942 827 1976 ut
854 1932 951 1995 ejus
982 1932 1153 1979 faciant
1177 1933 1376 1994 copiam.

491 2032 1014 2066 EUTYCHUS.

107 2078 315 2127 Derides.

496 2162 525 2194 c
559 2161 596 2194 Η
629 2162 663 2194 A
699 2163 733 2195 Β
766 2163 787 2194 1
820 2162 854 2194 N
889 2161 924 2193 U
960 2162 999 2196 s.

302 2214 488 2264 Servata
516 2215 584 2266 re‘s
615 2232 683 2267 est
714 2221 910 2266 demum
927 2256 940 2278 ‚
975 2222 1011 2267 si
1042 2223 1171 2268 iliam
1203 2222 1383 2269 videro.

115 2287 209 2336 Sed
236 2289 357 2351 quin
388 2302 606 2338 ornatum
638 2295 768 2340 hunc
803 2295 996 2358 rejicio?
1035 2297 1151 2343 heus
1181 2296 1349 2355 aliquis
1367 2327 1387 2352 ,

365 2363 480 2410 heus
515 2375 731 2412 actutum
758 2368 854 2414 huc
882 2367 1000 2415 foras

184 2431 274 2480 Vol.
307 2433 372 2479 ΙΙ.
1127 2440 1177 2485 X
