1618 2866
65 210 194 243 mm
329 193 617 242 ACTUS
668 194 787 241 ΙΙΙ.
838 194 942 243 SC.
992 198 1074 244 ΙΙ.
1243 214 1335 263 109

67 301 202 348 Dum
231 300 319 347 tibi
342 317 428 364 ego
452 302 659 362 placeam
676 335 689 358 ‚
719 311 866 362 atque
884 302 1140 365 obsequar,
1170 320 1335 352 meum
1359 329 1363 333 ·

316 386 501 438 tergum
531 374 801 421 floccifacio.

292 482 1109 517 STRATIPPOCLES.

65 547 188 597 Nam
219 547 340 609 quid
370 546 467 593 ita?

444 649 475 682 Ε
509 649 538 681 Ρ
573 647 595 680 1
630 648 665 680 D
699 647 720 679 1
755 646 783 679 c
818 647 855 679 u
892 647 931 681 s.

189 706 316 786 Quia
334 733 420 781 ego
438 727 579 762 tuum
597 724 780 776 patrem
799 712 965 759 faciam
980 712 1332 776 perenticidam.

277 798 1107 834 STRATIPPOCLES.

64 860 203 930 Quid
218 861 336 908 istuc
354 871 421 907 est
437 860 605 907 verbi?

441 962 932 999 EPIDICUS.

401 1032 483 1077 Nil
505 1047 665 1077 moror
685 1042 840 1077 vetera
860 1041 907 1075 et
930 1030 1118 1092 vulgata
1134 1028 1302 1086 verba,

63 1105 264 1152 Peratim
284 1105 500 1152 ductare:
539 1115 586 1149 at
607 1120 693 1167 ego
726 1102 932 1151 follitim
943 1101 1204 1147 ductitabo.

61 1179 187 1225 Nam
212 1181 323 1225 leno
353 1195 496 1224 omne
515 1189 761 1241 argentum
785 1176 977 1222 abstulit
1004 1191 1092 1236 pro
1119 1174 1331 1221 fidicina:

314 1268 401 1315 ego
429 1251 618 1296 resolvi·

65 1314 285 1368 Manibus
303 1323 371 1368 his
387 1322 851 1382 dinumerav13pater
867 1335 998 1366 suam
1013 1330 1172 1365 natam
1187 1336 1334 1380 quam

313 1410 404 1439 esse
425 1394 584 1439 credit.

61 1464 204 1510 Nunc
230 1465 402 1511 iterum
426 1477 481 1511 ut
507 1466 690 1512 fallatur
708 1477 864 1528 pater,
890 1466 1076 1526 tibique
1101 1466 1333 1512 auxilium

310 1549 558 1600 apparetur
573 1574 588 1597 ‚

58 1610 236 1658 Inveni
258 1610 397 1658 viam.
427 1612 491 1657 ita
521 1629 608 1693 ego
642 1612 759 1658 suasi
781 1612 907 1668 seni,
939 1621 1084 1671 atque
1109 1612 1231 1658 hanc
1254 1613 1334 1657 ha-

314 1684 400 1730 bui
430 1685 718 1744 orationem,

60 1755 170 1814 Uti,
199 1767 255 1802 tu
277 1773 431 1818 quom
457 1757 669 1815 redisses,
706 1773 767 1802 ne
794 1757 883 1803 tibi
909 1757 1006 1821 ejus
1030 1757 1166 1818 copia
1194 1767 1323 1803 esset.

267 1865 1106 1900 -sTRATIPPocLES.

61 1925 394 1991 Euge3‘euge!

442 2022 664 2056 EPID
701 2021 857 2054 ICU
894 2020 931 2054 s.

223 2091 289 2137 Ea
298 2092 397 2154 jam
418 2091 551 2137 domi
570 2090 623 2135 ’st
641 2105 729 2150 pro
753 2089 843 2134 illa.

284 2197 1105 2233 STRATIPPOCLES.

794 2267 976 2312 Teneo.

445 2363 478 2396 Ε
511 2364 539 2402 P
574 2365 595 2398 1
629 2366 664 2398 D
702 2365 724 2398 1
758 2365 785 2398 c
822 2364 858 2398 u
895 2364 933 2397 s.

923 2421 1065 2468 Nunc
1088 2429 1330 2467 auctorem
