1618 2866
235 183 330 243 508
463 175 1257 235 MOSTELILARIA.
1351 189 1524 238 ’νηῒ

231 293 514 356 Numquam
546 298 702 343 ullum
736 297 866 355 vidi,
907 313 1055 359 quam
1088 297 1165 344 hic
1207 297 1326 343 mihi
1363 312 1514 347 annus

492 370 676 434 obtigit.

227 437 275 486 'A
307 456 448 486 mane
475 441 536 487 ad
572 453 768 489 noctem
795 459 950 504 usque
985 443 1036 487 in
1059 441 1165 489 foro
1205 443 1328 508 dego
1359 443 1514 503 diem,

230 510 409 558 Locare
435 514 614 577 argenti
646 514 831 561 nemini
864 530 1124 560 nummum
1154 530 1299 576 queo.

688 607 719 639 T
756 608 791 641 R
828 607 862 639 A
898 606 931 639 N
967 606 989 639 I
1029 606 1078 639 O.

229 663 376 710 Nunc
402 667 487 727 pol
511 682 597 731 ego
615 669 733 730 perii
749 670 890 730 plane
911 669 961 714 in
981 679 1271 730 perpetuum
1293 667 1511 716 modum.

232 739 428 788 Danista
463 741 593 788 adest
612 778 627 800 ‚
662 743 747 804 qui
777 742 910 789 dedit
939 754 1189 807 argentum
1219 742 1403 800 fenori,
1453 786 1457 790 .

232 814 338 882 Qui
355 814 502 860 amica
523 826 590 861 est
608 827 734 862 emta
747 851 760 873 ‚
778 833 978 877 quoque
1000 832 1119 877 opus
1132 816 1194 862 in
1212 827 1394 862 sumtus
1411 816 1516 863 fuit.

231 886 479 935 Manifesta
504 906 573 936 res
604 901 671 936 est
689 926 702 948 ,
733 891 822 937 nisi
853 890 990 952 quod
1022 906 1219 937 occurro
1252 890 1407 951 prius,

229 959 307 1007 Ne
337 961 429 1008 hoc
465 979 609 1010 senex
637 964 858 1026 resciscat.
893 964 976 1010 ibo
1009 964 1122 1011 huic
1142 963 1362 1011 obviam.

230 1032 329 1081 Sed
357 1035 591 1096 quidnam
619 1037 695 1084 hic
721 1055 815 1084 sese
846 1049 946 1084 tam
979 1036 1074 1084 cito
1094 1036 1260 1097 recipit
1280 1033 1519 1082 domum?

231 1107 404 1154 Metuo
430 1126 493 1156 ne
518 1110 579 1156 de
610 1111 696 1157 hac
725 1128 775 1157 re
810 1102 1061 1173 quidpiam
1090 1108 1387 1156 inaudiverit.

232 1179 489 1240 Accedam,
503 1194 649 1244 atque
663 1184 926 1246 appellabo.
944 1183 1022 1229 hei
1037 1199 1183 1244 quam
1196 1181 1344 1228 timeo
1355 1180 1492 1225 miser
1506 1180 1517 1225 !

234 1253 368 1300 Nihil
383 1267 450 1301 est
462 1257 689 1314 miserim,
709 1274 856 1318 quam
869 1258 1053 1304 animus
1065 1255 1271 1302 hominis
1286 1252 1521 1309 conscius,

231 1324 368 1373 Sicut
384 1345 462 1373 me
480 1329 636 1374 habet.
666 1347 833 1376 verum
863 1341 977 1376 utut
998 1346 1068 1377 res
1094 1330 1208 1374 haec
1231 1343 1326 1373 sese
1343 1325 1519 1394 habet„

233 1396 431 1462 Pergam
450 1400 639 1446 turbare
666 1418 824 1464 porro.
855 1401 920 1448 ita
955 1403 1070 1447 haec
1099 1417 1169 1447 res
1201 1398 1423 1462 postulat.

234 1469 377 1517 Unde
404 1471 477 1518 is?

531 1545 1248 1584 THEUROPIDES.

415 1611 633 1658 Conveni
657 1610 823 1666 illum,
847 1605 978 1655 unde
1001 1608 1135 1653 hasce
1155 1606 1278 1654 aedis
1299 1622 1517 1654 emeram.

697 1702 729 1734 T
766 1702 799 1734 R
836 1700 870 1733 A
904 1701 939 1733 N
974 1701 995 1734 1
1033 1700 1082 1733 o.

239 1761 497 1824 Numquid
524 1761 683 1808 dixisti
714 1760 775 1806 de
803 1761 914 1817 illo,
943 1758 1079 1821 quod
1108 1758 1207 1805 dixi
1240 1758 1360 1805 tibi?

256 1882 259 1885 .
533 1851 1246 1886 THEUROPIDES.

239 1913 355 1963 Dixi
382 1914 571 1961 hercule
597 1929 711 1961 vero
744 1913 918 1959 omnia.

697 2000 729 2033 T
764 1999 798 2032 R
835 1998 869 2031 A
903 1998 938 2032 N
972 1998 995 2031 Ῑ
1030 1998 1078 2031 Ο.

949 2059 1050 2107 Vae
1078 2059 1247 2106 misero
1273 2059 1424 2107 mihi!

237 2125 394 2174 Etiam
420 2126 591 2173 fatetur
616 2126 676 2173 de
703 2124 921 2188 hospite?

535 2207 1254 2244 THEUROPIDES.

955 2270 1112 2316 Immo
1147 2279 1384 2334 pernegat.
1433 2282 1438 2286 ’

697 2358 728 2391 Τ
764 2359 798 2392 R
833 2355 868 2390 A
902 2356 937 2390 N
975 2356 996 2388 1
1035 2355 1084 2388 o.

242 2418 412 2469 Metuo
429 2453 443 2478 ‚
471 2434 534 2467 ne
560 2417 758 2466 technae
788 2433 921 2465 meae
948 2427 1183 2479 perpetuo
1212 2414 1449 2478 perierint.
