1618 2866
216 219 314 267 ‘29⁰
546 199 1151 252 MERCATOR.
1379 213 1510 261 v.16

217 307 312 356 Sed
340 305 720 354 huncvvicinum
743 303 882 366 prius¹
900 305 1210 365 conveniam,
1243 322 1391 370 quam
1418 311 1508 358 do-

471 396 611 425 mum

215 454 440 502 Redeam.
480 463 535 498 ut
561 452 682 498 mihi
714 451 840 498 aedis
862 453 1040 515 aliquas
1067 453 1305 502 conducat
1324 458 1469 515 volo,

213 530 309 578 Ubi
335 529 520 575 habitet
541 527 681 574 istaec
708 529 895 578 mulier.
927 541 1075 592 atque
1104 546 1274 579 eccum
1295 530 1334 578 it
1357 530 1491 594 foras·

532 657 930 707 SCENA
1017 662 1179 709 III.-

265 780 909 820 LYSIMAGHUS,
979 781 1440 821 DEMIPHO.

519 906 1177 942 LYSIMACHUS.

208 964 587 1075 ADDUCAM
627 1039 718 1089 ego
743 1023 883 1071 illum
913 1025 1016 1089 jam
1042 1025 1104 1072 ad
1135 1036 1213 1085 te,
1245 1027 1283 1073 si
1321 1041 1503 1074 conve·

465 1116 595 1167 neI'Q.

615 1176 1078 1211 DEMIPHO.

207 1231 443 1279 Medicit.

518 1307 1168 1342 LYSIMACHUS.

470 1369 607 1436 Quid
633 1369 694 1414 ais
712 1403 726 1425 ‚
756 1368 1038 1429 Demipho?

623 1455 659 1487 D
698 1455 729 1486 Ε
767 1455 810 1488 Μ
846 1455 867 1486 1
902 1454 930 1487 Ρ
968 1454 1002 1487 Η
1040 1455 1089 1488 ο.

1002 1515 1084 1560 Est
1116 1516 1291 1562 mulier
1326 1512 1497 1563 domi?

513 1606 544 1639 L
580 1607 615 1639 Y
653 1605 675 1640 s
712 1605 734 1638 1
771 1606 814 1639 M
850 1604 885 1637 A
924 1605 951 1637 c
990 1604 1025 1637 Η
1062 1604 1098 1637 U
1136 1603 1174 1637 S.

171 1687 173 1689 ’
207 1667 347 1737 Quid
377 1668 567 1715 censes?

619 1747 655 1779 D
694 1745 724 1777 E
761 1744 805 1777 M
840 1743 860 1776 1
900 1744 929 1776 P
965 1743 999 1776 H
1036 1743 1087 1777 ο.

527 1805 665 1875 Quid
697 1805 733 1850 si
762 1804 948 1850 visam?

516 1890 549 1923 L
584 1891 618 1924 Y
654 1891 676 1924 S
713 1890 735 1923 I
771 1891 813 1923 M
852 1889 887 1922 A
923 1889 950 1921 C
987 1889 1022 1922 H
1060 1887 1096 1921 U
1131 1887 1171 1922 S.

876 1947 1016 2016 Quid
1048 1946 1310 2009 properas?
1335 1963 1492 2000 mane.

608 2033 645 2065 D
682 2032 712 2064 E
749 2030 792 2065 M
827 2032 850 2065 1
885 2031 915 2063 P
951 2031 986 2064 H
1024 2031 1074 2064 Ο.

203 2083 578 2155 Quidfaciam?

509 2170 541 2202 L
577 2169 610 2201 Y
648 2168 670 2202 S
706 2169 727 2201 1
765 2167 807 2200 M
843 2167 878 2201 A
915 2168 942 2201 C
979 2168 1014 2201 H
1051 2168 1087 2201 U
1125 2167 1162 2202 S.

471 2230 625 2301 Quod
659 2247 758 2292 opu
776 2231 830 2276 ’st
857 2229 1010 2288 facto,
1048 2230 1190 2276 facito
1219 2240 1275 2277 ut
1299 2221 1490 2295 cogitem·

608 2319 644 2351 D
679 2318 710 2351 Ε
746 2319 790 2351 Μ
826 2317 847 2350 1
884 2318 911 2350 P
950 2317 984 2350 Η
1020 2318 1068 2351 o.

198 2377 335 2448 Quid
367 2376 608 2442 cogitem?
642 2376 868 2438 equidem
905 2377 1062 2424 hercle
1092 2393 1212 2440 opus
1235 2378 1330 2424 hoc
1357 2375 1486 2424 facto

459 2450 693 2498 existumo
713 2485 728 2510 ,
