1618 2866
175 184 293 273 *85
602 223 1135 274 EPIDICUS.
1377 245 1511 290 v.90

228 332 402 405 Quid?
447 331 608 394 quid?
643 333 801 393 aliqua
831 333 1174 399 reperiundum
1200 335 1268 381 ’stu
1311 335 1392 383 sed
1423 352 1511 401 ego

490 423 616 454 cesso
652 408 718 454 ire
751 407 943 454 obviam

227 479 560 536 Adulescenti,
591 490 673 536 ut,
705 480 825 540 quid
857 479 1020 544 negoti
1047 478 1133 537 sit,
1160 478 1333 526 sciam?
1364 491 1510 542 atque

482 553 579 614 ipse
606 552 700 598 illic
728 563 808 598 est.
1169 556 1171 559 ’

225 625 387 681 Tristis
413 638 492 672 est.
530 641 642 670 cum
667 625 953 671 Chaeribulo
973 623 1152 670 incedit
1167 623 1354 684 aequali
1375 640 1474 670 suo.

224 699 337 746 Huc
363 697 648 755 concedam,
678 698 941 745 orationem
970 697 1101 745 unde
1125 698 1300 745 horum
1321 697 1510 760 placide

476 786 744 833 persequar.
1187 776 1191 779 ⁴

586 898 975 945 SCENA
1057 899 1156 946 ΙΙ.

225 1021 891 1062 STRATIPPOCLES,
945 1024 1506 1066 CHAERIBULUS‚'

653 1110 1078 1147 EPIDICUS.

449 1211 1280 1277 STRATIPPOCLE'S.

183 1383 189 1389 ·
221 1291 426 1405 REM
458 1357 546 1403 tibi
563 1374 669 1403 sum
699 1359 914 1404 elocutus
946 1376 1171 1418 omnem,
1200 1359 1504 1422 Chaeribule,

477 1440 623 1490 atque
645 1429 913 1477 admodum

223 1500 447 1548 Meorum
496 1519 765 1549 maerorum
814 1514 959 1565 atque
1002 1520 1221 1551 amorum
1263 1521 1502 1552 summam

483 1575 684 1622 edictavi
714 1575 815 1621 tibi.

507 1650 1216 1706 CHAERIPJULUS.
1459 1710 1461 1712 ,

222 1727 408 1775 Praeter
440 1739 642 1775 aetatem
676 1741 723 1776 et
745 1731 971 1777 virtutem
1004 1733 1173 1778 stultus
1203 1748 1274 1789 es,
1303 1731 1498 1794 Stratip-

472 1803 645 1862 pocles.

220 1871 342 1919 Idne
370 1873 524 1935 pudet
546 1884 593 1920 te
609 1907 622 1932 ‚
660 1875 773 1935 quia
802 1875 1034 1938 captivam
1053 1911 1067 1935 ,
1104 1892 1275 1942 genere
1295 1895 1500 1943 progna-

477 1957 574 1992 tam
602 1946 735 1992 bono
752 1981 766 2004 ‚

218 2017 278 2064 In
306 2017 477 2080 praeda
514 2030 558 2064 es
589 2019 852 2066 mercatus?
888 2019 994 2081 quis
1022 2020 1108 2066 erit
1125 2053 1140 2078 ,
1174 2020 1295 2067 vitio
1327 2021 1415 2083 qui
1443 2021 1495 2067 id

367 2088 371 2092 ⁴
479 2101 635 2138 vortat
669 2089 797 2136 tibi?

441 2184 1266 2220 STRATIPPOCLES.

221 2246 323 2317 Qui
364 2245 582 2293 invident
600 2280 615 2303 ,
662 2246 817 2293 omnis
861 2245 1075 2293 inimicos
1110 2248 1178 2294 mi
1214 2248 1330 2294 istoc
1365 2247 1492 2294 facto

469 2335 647 2380 repen:
1387 2376 1391 2380 Ι

218 2386 281 2435 At
311 2389 567 2451 pudicitiae
594 2390 692 2453 ejus
715 2405 982 2451 numquam
1006 2407 1095 2438 nec
1127 2391 1256 2451 vim,
1296 2407 1384 2440 nec
1418 2390 1489 2437 vi·-

465 2462 591 2509 tium
622 2461 773 2509 attuli.
