1618 2866
233 180 327 227 618
699 181 738 228 P
769 182 809 229 E
843 183 887 230 R
923 183 954 230 S
988 184 1042 231 A.
1401 205 1520 252 v-31

662 294 1106 333 TOXILUS.

237 351 389 414 Atqui
420 363 503 398 aut
531 353 620 399 hoc
650 367 831 402 emtore
861 358 1039 405 vendes
1070 363 1297 423 pulchre,
1318 377 1400 412 aut
1429 368 1521 414 alio

494 444 594 474 non
631 440 780 490 potes.

234 544 237 546 ,
566 515 589 548 S
627 515 662 548 A
700 517 732 548 G
771 517 806 550 A
840 518 875 550 R
910 517 932 550 1
969 516 991 550 S
1031 516 1061 549 T
1099 516 1120 549 I
1157 517 1206 550 Ο.

234 575 355 622 Esne
384 586 440 621 tu
470 575 582 621 huic
612 576 826 623 amicus?

661 663 692 696 T
730 664 761 697 Ο
799 664 834 696 X
873 663 893 696 I
929 665 959 698 L
996 663 1032 696 U
1068 663 1102 696 S.
1506 700 1509 701 ⁷

396 724 669 786 Tamquam
695 723 777 770 Dii
803 741 968 772 omnes
985 759 999 782 ,
1019 726 1105 786 qui
1131 714 1324 771 coelum
1344 727 1524 774 colunt.

625 821 660 853 D
682 819 730 852 -o
768 821 801 852 R
840 820 875 852 D
913 818 948 851 A
983 819 1014 852 L
1050 819 1084 850 U
1121 819 1158 852 s.

236 879 369 926 Tum
404 891 459 926 tu
498 871 616 926 mihi
661 897 706 925 es
741 880 959 931 inimicus
1003 891 1169 926 certus.
1217 896 1330 926 nam
1364 882 1525 944 generi

489 952 687 1000 lenonio
1241 998 1247 1002 .
1335 948 1343 954 ⁶

237 1024 518 1087 Numquam
551 1028 676 1072 ullus
706 1026 838 1073 Deus
870 1038 971 1073 tam
1010 1026 1244 1090 benignus
1281 1025 1373 1072 fuit
1390 1060 1405 1083 ,
1442 1027 1529 1088 qui

491 1099 634 1146 fuerit
664 1102 914 1163 propitius.

567 1186 588 1218 s
626 1186 660 1219 A
698 1188 730 1220 G
767 1187 802 1220 A
838 1189 871 1221 R
906 1188 928 1220 1
963 1187 986 1220 s
1023 1187 1054 1220 Τ
1090 1188 1111 1221 1
1148 1187 1199 1219 ο.

235 1244 344 1291 Hoc
374 1262 487 1310 age,
524 1262 705 1307 opusne
723 1247 776 1292 ’st
805 1247 890 1293 hac
924 1247 1014 1294 tibi
1044 1247 1202 1298 emta?

629 1341 664 1373 D
706 1341 738 1374 ο
774 1342 808 1375 Β
844 1342 879 1374 D
917 1341 951 1374 A
986 1341 1017 1373 L
1052 1340 1088 1372 U
1126 1338 1164 1371 s.

901 1402 949 1449 Si
977 1403 1069 1448 tibi
1089 1403 1268 1448 venisse
1286 1402 1341 1447 ’st
1373 1417 1529 1463 opus,

237 1474 359 1520 Mihi
394 1492 594 1541 quoque
630 1491 755 1522 emta
789 1486 881 1523 est:
918 1476 954 1521 si
986 1476 1077 1521 tibi
1107 1476 1250 1522 subiti
1273 1475 1392 1521 nihil
1430 1485 1528 1531 est,

491 1550 794 1596 tantumdem
812 1551 866 1596 'st
889 1549 1020 1596 mihi.
1194 1553 1224 1584 0

475 1633 1217 1677 ,SAGARISTIQ

238 1693 425 1752 Indica,
459 1695 529 1741 fac
558 1698 779 1758 pretium.
911 1753 915 1754 ⁷
1181 1696 1185 1699 ’

632 1787 668 1818 D
710 1785 741 1816 O
780 1786 814 1817 R
849 1785 884 1816 D
921 1782 953 1815 A
991 1782 1021 1814 L
1057 1780 1092 1812 U
1128 1779 1167 1812 S.

669 1843 778 1887 Tua
806 1857 943 1887 merx
976 1828 1074 1895 est{
1104 1850 1187 1884 tua
1214 1834 1440 1882 indicatio
1459 1834 1527 1880 ’st.

668 1929 699 1961 Τ
737 1929 769 1960 o
806 1928 842 1959 X
878 1928 899 1959 1
933 1926 965 1959 L
1001 1925 1037 1957 U
1072 1924 1110 1957 s.

241 1986 469 2050 Aequom
501 1989 577 2034 hic
613 1999 728 2034 orat.
791 2012 793 2014 ·

569 2074 590 2108 S
630 2074 664 2107 A
701 2073 732 2105 G
770 2073 803 2105 A
840 2072 873 2105 R
909 2071 930 2104 I
967 2070 988 2104 S
1027 2071 1058 2103 T
1095 2071 1115 2102 I
1152 2070 1199 2102 O.

567 2134 674 2180 Vin’
700 2134 826 2179 bene
860 2131 1046 2177 emere?

634 2220 671 2252 D
709 2223 741 2255 o
777 2220 810 2252 R
849 2218 884 2250 D
925 2217 960 2249 A
996 2217 1026 2248 L
1064 2214 1100 2247 U
1136 2214 1173 2247 S.

855 2276 964 2323 Vin’
985 2288 1041 2322 tu
1067 2275 1266 2338 pulchre
1288 2271 1528 2321 vendere?

663 2368 764 2403 To
800 2367 837 2399 x
872 2367 894 2399 1
931 2366 961 2399 L
998 2366 1032 2397 U
1074 2366 1109 2398 s.

240 2430 342 2495 Ego
367 2430 461 2476 scio
492 2429 648 2475 hercle
678 2439 940 2488 utrumque
963 2427 1103 2472 velle.
