1618 2866
1339 233 1430 294 469

242 417 699 474 ACTUS
784 411 1348 477 PRIMUS.

537 563 1036 611 SCENA-I.

343 700 765 738 GRUMIO,
837 698 1241 737 TRANIO.

606 830 1002 863 GRUMIO.

154 885 317 999 EXI
357 963 382 992 e
410 947 591 1002 culina,
623 946 702 1000 sis,
734 945 884 1001 foras,
918 947 1157 1009 mastigia,

154 1021 257 1090 Qui
282 1019 400 1065 mihi
426 1019 547 1063 inter
573 1017 752 1077 patinas
782 1017 973 1061 exhibes
1002 1013 1236 1080 argutiass

154 1092 416 1158 Egredere,
450 1091 604 1136 herilis
629 1091 882 1151 pernicies,
918 1106 977 1135 ex
1008 1090 1217 1135 aedibus.

155 1164 256 1227 Ego
282 1163 367 1223 pol
402 1173 448 1206 te
476 1162 597 1218 ruri,
627 1162 662 1206 si
694 1162 852 1209 vivam
870 1195 899 1218 ,„
916 1162 1104 1207 ulciscar
1129 1160 1294 1222 probe.

154 1236 244 1284 Exi
263 1270 277 1292 ,
306 1238 530 1295 inquam,
559 1234 724 1292 nidor,
751 1252 776 1280 e
806 1235 975 1281 culina.
1012 1234 1132 1295 quid
1162 1234 1308 1280 lates?

605 1335 637 1367 T
672 1335 706 1367 R
741 1334 776 1367 A
812 1336 846 1368 N
881 1335 903 1367 1
941 1335 988 1368 O.

151 1405 290 1475 Quid
314 1400 424 1461 tibi,
454 1403 660 1457 malum,
682 1402 758 1447 hic
783 1414 891 1448 ante
918 1403 1042 1449 aedis
1068 1403 1322 1450 clamitatio
1339 1404 1424 1450 ’sti’

153 1477 232 1523 An
260 1476 356 1522 ruri
382 1490 535 1520 censes
559 1484 607 1518 te
638 1489 730 1517 esse
748 1471 770 1516 ?
801 1473 998 1519 abscede
1030 1474 1089 1519 ab
1122 1474 1327 1521 aedibus.

151 1547 246 1594 Abi
272 1563 370 1595 1us;
401 1545 477 1590 abi
503 1543 731 1593 dierecte3
762 1544 957 1590 abscede
988 1545 1048 1590 ab
1070 1546 1229 1608 janua.

150 1619 310 1676 Hem,
345 1617 542 1663 hoccine
568 1616 792 1662 volebas?
1172 1616 1175 1619 '

608 1713 639 1746 G
676 1715 710 1747 R
745 1713 780 1746 U
816 1715 859 1747 M
893 1716 915 1747 1
951 1716 1000 1749 o.

770 1775 911 1834 Berii!
951 1793 1035 1822 cur
1066 1791 1145 1821 me
1176 1774 1423 1822 verberas?

601 1870 633 1902 Τ
674 1872 708 1904 R
743 1870 779 1904 Α
813 1872 847 1904 Ν
882 1872 902 1904 1
940 1872 987 1905 o.

155 1923 280 1992 Quia
310 1933 366 1968 tu
392 1922 473 1967 vis.
653 1938 661 1943 ·

402 1985 404 1987 ’
601 2006 705 2040 G‘R
741 2006 775 2038 u
811 2007 855 2040 M
892 2007 912 2039 1
949 2007 999 2039 0.

501 2072 663 2123 Patiar.
690 2073 788 2118 sine
815 2073 965 2118 modo
992 2071 1211 2117 adveniat
1236 2085 1393 2115 senex.

157 2137 265 2184 Sine
278 2141 424 2187 modo
440 2144 599 2189 venire
615 2145 812 2199 salvom,
829 2160 976 2203 quern
995 2143 1238 2188 absentem
1254 2157 1424 2188 comes.

603 2241 985 2275 TRANIO.

157 2303 257 2348 Nec
282 2305 527 2353 verisimile
552 2311 776 2371 loquere,
808 2328 896 2358 nec
927 2329 1121 2369 verum,
1149 2313 1333 2369 frutex,

158 2374 373 2422 Comesse
393 2393 686 2440 quemquam
705 2395 760 2429 ut
783 2384 1038 2445 quisquam
1055 2385 1298 2429 absentem
1319 2400 1429 2444 pos-

382 2480 385 2484 -
415 2461 513 2495 sret.

1059 2528 1208 2591 Gg3
