1618 2866
161 156 311 229 ‘40
598 132 1166 215 CURCULIO}
1378 145 1519 230 ψῃ

755 285 786 318 L
823 286 858 318 Y
896 287 922 319 c
963 288 1011 321 o.

245 351 532 409 Summane,
563 353 698 397 salve.
736 353 823 413 qui
850 352 1175 400 Summanus?
1200 352 1270 399 fac
1292 353 1445 399 sciam.

630 449 658 480 C
695 448 729 480 U
766 451 798 483 R
835 451 861 483 C
899 451 934 483 U
965 450 994 484 L
1032 451 1052 483 I
1092 451 1141 484 O·

246 512 379 580 Quia
404 513 710 570 vestimenta,
738 515 824 561 ubi
848 516 1142 562 obdormivit
1166 515 1347 571 ebrius,
1507 578 1513 583 ἡ
1539 578 1542 579 ⁷

244 584 537 634 Summano;
566 586 630 631 ob
654 602 759 634 eam
783 605 885 635 rem
911 607 991 636 me
1018 605 1181 637 omnes
1203 585 1521 636 Summanum

495 671 681 707 vocant.

751 745 782 778 L
817 744 852 776 Y
891 745 918 776 C
957 745 1004 778 Ο.

244 803 374 851 Alibi
396 816 444 852 te
471 807 620 853 meliu
638 807 692 854 ’st
723 821 945 867 quaerere
974 806 1237 868 hospitium
1266 809 1382 856 tibi:

245 876 393 939 Apud
416 896 495 924 me
516 879 731 941 profecto
756 878 877 924 nihil
901 888 968 923 est
997 878 1260 927 Summano
1291 880 1398 935 loci.

244 947 342 996 Sed
365 950 509 998 istum
535 970 685 1015 quem
715 951 896 1013 quaeris
914 986 928 1008 ,
953 968 1041 1016 ego
1069 970 1189 999 sum.
1311 945 1314 947 Δ

635 1045 663 1078 c
700 1043 735 1076 U
770 1044 805 1078 R
839 1044 866 1076 c
902 1042 937 1076 U
971 1043 1003 1077 L
1031 1044 1061 1085 ⁸1
1096 1044 1143 1077 o.

1019 1106 1238 1176 Quaeso,
1265 1118 1382 1157 tune
1413 1111 1448 1157 is
1480 1127 1529 1157 es

245 1174 379 1238 Lyco
406 1175 626 1238 trapezita
643 1177 666 1223 ?

755 1267 786 1299 L
820 1267 855 1299 Y
893 1267 919 1299 c
959 1267 1007 1300 o.

666 1324 767 1389 Ego
794 1341 914 1369 sum.

616 1415 644 1447 c
682 1415 716 1447 U
753 1417 786 1449 R
824 1417 851 1449 c
892 1417 927 1449 U
965 1418 996 1450 L
1033 1419 1054 1450 1
1091 1419 1139 1452 o.

969 1479 1174 1525 Multam
1196 1496 1274 1526 me
1297 1482 1386 1528 tibi

245 1543 456 1592 Salutem
485 1547 620 1610 jussit
645 1548 1093 1615 Therapontigonus
1120 1551 1273 1598 dicere
1291 1586 1306 1611 ,

245 1617 307 1664 Et
338 1619 416 1665 has
450 1620 640 1667 tabellas
669 1623 776 1669 dare
806 1640 886 1669 me
904 1625 1052 1689 jussit.

757 1717 1014 1751 LYco,

1109 1779 1324 1826 Mihin’?

630 1860 1147 1898 cuncUL1o.

1372 1926 1458 1973 Ita.

257 1988 384 2050 Cape
400 2022 415 2046 ,
443 1989 629 2054 signum
652 2006 806 2039 nosce.
841 1993 1011 2039 nostin’
1030 1994 1053 2039 ?

767 2085 800 2118 L
834 2084 867 2117 Y
907 2085 934 2118 c
973 2085 1023 2119 o.

1026 2143 1162 2212 Quid
1191 2145 1242 2190 ni
1275 2145 1529 2193 noverim?

255 2215 508 2277 Clypeatus
535 2217 844 2277 elephantum
867 2217 952 2263 ubi
974 2218 1214 2264 machaera
1242 2218 1423 2266 dissicit.

637 2313 663 2345 c
704 2312 740 2344 U
775 2313 810 2346 R
847 2313 874 2346 c
913 2312 949 2346 U
986 2313 1016 2346 L
1050 2313 1073 2347 1
1110 2313 1158 2347 o.

252 2378 404 2451 Quod
431 2379 531 2427 istic
561 2379 789 2428 scribtum
821 2380 901 2438 'st,
933 2379 982 2427 id
1009 2392 1057 2428 te
1087 2398 1213 2432 orare
1238 2384 1464 2449 jusserat,
