1618 2866
104 226 240 263 unta
403 205 695 256 ACTUS
746 205 848 254 1v.·
895 205 999 253 SC.
1044 205 1141 253 IV.
1319 224 1376 267 53

474 325 1006 362 CAPPADOX.

106 396 336 459 Vapulare
353 410 439 458 ego
453 405 501 440 te
514 394 820 440 vehementer
826 393 978 457 jubeo
993 412 1002 438 :
1018 407 1080 438 ne
1094 407 1172 438 me
1187 393 1379 438 territes.

102 471 201 526 Illa
219 469 425 517 abducta
441 468 523 513 ’stz
559 478 616 512 tu
646 465 852 512 auferere
881 465 994 511 hinc
1021 481 1047 510 a
1074 480 1152 510 me
1168 498 1182 521 ,
1207 464 1243 508 si
1271 481 1379 526 per-

354 556 431 604 ges
456 538 577 584 mihi

104 615 229 661 Male
252 614 389 675 loqui
406 611 648 674 profecto:
672 609 800 671 quoi
816 624 904 672 ego
921 642 936 666 ,
958 609 1046 653 nisi
1071 610 1281 666 malurn,
1304 609 1380 656 ni·-

302 710 310 716 ·
351 685 432 731 hil·
450 683 619 730 debeo·

297 779 1197 818 THERAPONTIGONUS.

104 849 269 898 Mihin’
294 849 478 895 malum
502 845 720 892 minitare
738 844 761 890 Ξ)

470 933 501 965 c
534 931 569 964 A
606 931 634 964 Ρ
675 931 704 963 P
742 929 779 962 A
813 931 849 962 D
888 916 1009 962 ox.

351 1002 515 1063 Atque
533 999 706 1060 edepol
722 1015 825 1044 non
839 997 1118 1054 minitabor‚
1136 994 1218 1042 sed
1233 995 1384 1054 dabo,

102 1074 225 1122 Mihi
253 1076 291 1121 si
317 1075 467 1138 pergis
492 1073 717 1118 molestus
749 1087 854 1116 esse.

360 1173 1132 1211 THERAPONTIGONUS.

792 1242 927 1288 Leno
954 1241 1201 1287 minitatur
1225 1240 1380 1285 mihi?

107 1319 340 1379 Meaeque
360 1332 549 1383 pugnae
568 1314 814 1377 proeliares
837 1314 1069 1376 plurimae
1094 1314 1295 1360 obtritae
1309 1315 1378 1378 j'aae

151 1411 154 1413 “
355 1388 498 1436 cent?

106 1462 171 1509 At
200 1463 264 1508 ita
289 1478 368 1507 me
392 1461 633 1507 machaera
658 1470 705 1505 et
730 1461 926 1522 clypeus

105 1539 233 1588 Bene
247 1542 419 1606 juvent
442 1551 739 1604 pugnantem
766 1540 817 1587 in
841 1540 966 1587 acie:
989 1540 1079 1586 nisi
1100 1539 1220 1585 mihi
1242 1540 1376 1603 virgo

352 1615 591 1672 redditur,

99 1687 207 1749 jam
236 1703 324 1752 ego
356 1698 404 1733 te
435 1686 602 1733 faciam
635 1696 692 1732 ut
725 1686 803 1732 hic
837 1685 1058 1732 formicae
1090 1683 1381 1730 frustillatim

355 1760 584 1809 differant.

478 1847 505 1879 c
542 1845 639 1894 AnP
675 1845 703 1878 Ρ
740 1846 775 1877 A
811 1846 847 1878 D
884 1843 916 1876 o
953 1844 1005 1876 x.

108 1915 172 1964 At
187 1917 251 1973 ita
277 1933 357 1964 me
381 1917 626 1973 volsellae,
657 1928 856 1978 pecten,
884 1916 1158 1979 speculum,
1189 1915 1378 1961 calami.-

354 2001 503 2042 strum
530 2007 697 2036 meum

108 2060 235 2113 Bene
264 2079 343 2109 me
372 2062 586 2108 amassint
603 2097 616 2119 ,
642 2079 846 2123 meaque
875 2062 1044 2119 ardeia,
1071 2061 1376 2121 linteumque

357 2145 591 2180 extersum
606 2154 628 2184 ;·

110 2201 177 2248 Ut
210 2218 296 2266 ego
326 2215 409 2251 tua
438 2206 684 2270 magnifica
714 2205 858 2253 verba
872 2239 887 2263 ,
919 2221 1080 2266 neque
1118 2206 1220 2251 istas
1257 2216 1368 2250 tuae

358 2294 542 2341 magnas
565 2280 714 2326 minas

111 2344 224 2391 Non
239 2346 388 2412 pluris⁵
403 2348 520 2395 facio
534 2384 547 2406 ,
570 2367 716 2411 quam
733 2353 950 2400 ancillam
970 2367 1128 2400 meam
1141 2383 1156 2407 ‚
1172 2365 1298 2410 vquae
1314 2350 1385 2395 la-

360 2418 530 2471 timam
556 2422 692 2470 lavat.
