1618 2866
241 190 339 252 516
467 177 1267 244 MOSTEL'LARIA.
1364 151 1525 260 vss105

689 311 1077 349 TRANIO.

345 396 354 403 κ
1197 366 1340 418 Aedis
1368 370 1490 418 filius

237 432 374 485 Tuus
406 431 537 479 emit.

531 514 1255 553 THEUROPIDES.

529 573 709 622 Aedis?

684 669 715 702 Τ
753 671 786 704 R
821 670 857 703 A
892 671 926 705 N
961 672 982 705 1
1018 671 1066 705 o.

711 728 868 776 Aedis.

439 821 1246 857 .THEUROP1DES.

890 884 1025 949 Euge
1044 918 1060 943 ,
1082 884 1386 957 'Philolaches

229 960 453 1006 Patrissat.
477 958 579 1023 jam
611 958 761 1004 horno
793 957 843 1003 in
867 969 1128 1006 mercatura
1155 958 1372 1006 vortitur.

229 1033 335 1080 Ain'
361 1044 443 1091 tn,
464 1029 625 1077 aedis?

680 1107 713 1140 T
748 1108 782 1141 R
819 1105 853 1140 A
891 1107 924 1140 N
960 1107 981 1140 1
1019 1107 1067 1141 Ο.

377 1178 394 1188 “’
461 1170 633 1227 Aedis,
667 1169 896 1228 inquam:
922 1167 1005 1213 sed
1037 1167 1147 1214 scin’
1168 1168 1512 1235 quojusmodi?

519 1259 1240 1296 THEUROPIDES.

223 1327 330 1395 Qui
363 1325 475 1372 scire
508 1321 719 1386 possim?

672 1408 706 1440 T
746 1407 782 1440 R
817 1406 853 1440 A
887 1408 922 1441 N
955 1408 978 1441 1
1014 1409 1064 1443 0.

732 1467 870 1515 Vah!

499 1543 1226 1599 ‘THEUR‘OPIDEQ

873 1622 1132 1693 Quidest?

675 1715 708 1748 ’r
743 1717 778 1750 R
814 1716 850 1750 A
886 1695 927 1753 N·
956 1717 978 1749 1
1015 1717 1064 1750 0.

1124 1769 1200 1816 Ne
1229 1786 1309 1817 me
1341 1787 1467 1837 roga.

503 1861 1220 1899 THEUROPIDES.

210 1923 335 1971 Nam
359 1921 478 1985 quid
505 1922 603 1968 ita?

665 1998 696 2030 T
731 1999 764 2032 R
799 1998 833 2031 A
871 2000 905 2032 N
941 2000 963 2032 1
1000 1999 1050 2033 o.

544 2104 546 2107 ,
619 2057 825 2120 Speculo
855 2059 1015 2117 claram,
1039 2059 1265 2106 clarorem
1286 2064 1510 2110 merum-⁷

501 2154 1218 2190 THEUROPIDES.

205 2219 334 2269 Bene
364 2218 522 2267 hercle
558 2216 752 2263 factum.
777 2214 929 2277 quid?
960 2231 1031 2261 eas
1059 2216 1226 2277 quanti
1256 2214 1490 2263 destinat?

665 2312 697 2344 T
732 2313 766 2345 R
799 2311 834 2344 A
868 2311 901 2344 N
937 2310 958 2343 I
993 2310 1041 2346 O·

203 2369 409 2419 Talentis
427 2371 607 2435 magnis
626 2371 856 2429 totidem,
896 2382 1018 2431 quot
1044 2386 1131 2435 ego
1160 2382 1207 2418 et
1223 2382 1279 2417 tu
1311 2385 1484 2417 sumus·

198 2444 296 2492 Sed
324 2444 574 2493 arrhaboni
603 2445 683 2491 has
719 2444 851 2490 dedit
882 2443 1192 2510 quadraginta
1219 2443 1380 2490 minas-
