1618 2866
61 211 192 260 ιρι
359 174 649 252 Aeros
698 202 738 248 1.
792 199 906 248 sc.
955 200 1082 246 111.
1245 205 1341 262 5⁷5

84 370 87 373 ¹
489 322 512 355 s
548 323 582 356 A
617 321 649 354 ἰ’
685 319 721 353 U
755 320 790 354 R
822 319 845 352 1
879 317 927 352 o.

6 455 12 467 1
65 392 197 456 Sapis
216 391 425 438 multum
450 387 514 434 ad
531 385 763 432 Genium.
788 397 797 401 ·

479 473 511 506 ‘r
547 473 580 505 o
613 472 652 505 x
690 470 711 503 1
747 469 779 502 1.
814 467 849 500 u
885 466 921 501 s.

498 531 506 535 ’
562 531 701 578 Sed
732 528 906 591 ecquid
925 526 1204 583 meministi,
1230 526 1340 572 here

60 611 178 682 'Qua
206 609 269 656 de
291 625 342 655 re
374 623 461 671 ego
487 617 649 653 tecum
682 603 978 650 mentionem
998 599 1235 646 feceram?

484 699 507 733 S
542 699 578 732 A
612 699 645 731 Τ
680 697 716 731 U
751 699 786 732 R
820 697 841 730 1
876 697 922 731 O-

66 763 293 810 Memini:
339 771 394 806 ut
421 773 643 806 muraena
675 768 723 803 et
749 770 924 820 conger
948 771 1011 801 ne
1038 754 1311 800 calefierent.

66 835 192 881 Nam
220 833 370 880 nimio
406 831 573 878 melius
602 841 923 893 oppectuntur
957 828 1132 891 fiigida.

67 906 164 953 Sed
194 905 315 967 quid
344 920 569 949 cessamus
591 904 826 965 proelium
848 900 1165 948 conmittere?

67 979 203 1026 Dum
222 993 364 1024 mane
388 978 472 1033 'st,
503 976 656 1022 omnis
689 993 781 1022 esse
810 975 1018 1021 mortalis
1050 975 1199 1020 decet.

477 1061 513 1103 Ἰ·
547 1071 579 1103 o
617 1070 654 1102 x
688 1070 708 1102 1
742 1070 772 1102 1.
809 1068 844 1102 u
880 1069 917 1102 s.

63 1123 219 1178 Nimis
244 1146 395 1192 paene
422 1146 560 1175 mane
578 1130 642 1174 ’st.

489 1214 513 1247 S
550 1213 585 1246 A
622 1213 654 1245 T
689 1212 726 1245 U
760 1213 795 1246 R
828 1212 851 1244 I
886 1212 932 1245 O.

614 1292 617 1293 ⁷
673 1272 814 1317 Mane
839 1271 975 1331 quod
1002 1281 1057 1316 tu
1086 1271 1316 1332 occeperis

67 1347 328 1411 Negotium
357 1361 520 1409 agere,
548 1345 600 1391 ici
633 1356 791 1390 totum
818 1342 1035 1404 procedit
1074 1343 1213 1388 diem.

489 1431 521 1463 Τ
555 1430 588 1463 o
624 1431 661 1463 x
695 1430 716 1462 1
752 1430 783 1462 L
818 1429 854 1462 U
889 1427 924 1460 s.

73 1492 262 1562 Quaeso
300 1490 513 1557 animum
548 1490 766 1536 advorte:
811 1489 906 1534 hoc
944 1488 1072 1534 enim
1102 1489 1202 1551 jam
1230 1489 1350 1537 here

319 1552 499 1606 narravi
523 1560 610 1606 tibi
626 1595 640 1617 ‚

62 1619 350 1695 'Tecumque
381 1634 543 1689 oravi,
574 1643 632 1677 ut
660 1647 884 1677 nummos
913 1642 1154 1677 sexcentos
1181 1631 1299 1677 mihi

70 1707 213 1754 Dares
243 1706 447 1752 utendos
478 1715 684 1750 mutuos.
716 1751 718 1753 ,

482 1789 505 1823 s
540 1792 575 1823 A
610 1791 643 1823 Τ
678 1790 715 1823 U
747 1791 783 1824 R
818 1791 839 1823 1
874 1791 920 1824 o.

726 1852 924 1898 Memini
962 1862 1009 1897 et
1044 1853 1138 1898 scio
1154 1886 1170 1910 ,

73 1927 135 1973 Et
159 1937 207 1972 te
238 1942 317 1972 me
346 1941 498 1981 orare,
526 1936 575 1970 et
607 1924 723 1970 mihi
750 1941 849 1970 non
882 1941 974 1970 esse
994 1925 1142 1984 'quod
1171 1925 1346 1971 darem‘.

73 1997 220 2044 Nihili
244 1998 464 2059 parasitus
490 2009 588 2055 est,
612 1998 729 2058 quoi
757 2009 1005 2060 argentum
1038 1997 1172 2041 domi
1201 1998 1266 2042 ’st.

73 2068 265 2115 Lubido
297 2071 536 2130 extemplo
564 2085 759 2131 coepere
788 2070 843 2114 ‘st
872 2069 1174 2128 convivium,

0 2151 1 2164 ³
76 2140 388 2186 Tuburcinari
420 2142 481 2186 de
508 2157 591 2186 suo
610 2176 624 2198 ‚
657 2142 693 2186 si
718 2141 837 2200 quid
858 2140 1001 2184 -dorni
1020 2140 1087 2184 ’st.

77 2212 255 2274 Cynica
280 2229 371 2257 esse
402 2229 428 2258 e
459 2226 597 2277 gente
628 2224 813 2274 oportet
840 2213 1088 2272 parasitum
1116 2211 1293 2272 probe:

77 2285 373 2345 AmPullam,
389 2286 607 2349 suigilem
619 2320 633 2342 ‚
649 2284 891 2344 scaphium
901 2318 915 2340 ‚
931 2300 1087 2330 soccos
1101 2319 1114 2340 ‚
1128 2286 1343 2345 pallium,

77 2354 366 2414 Marsupium
395 2353 586 2407 habeat;
616 2355 732 2401 inibi
759 2355 974 2415 paullum
998 2355 1225 2416 praesidi,

34 2451 41 2453 f
78 2427 181 2495 Qui
209 2426 479 2474 familiarem
507 2445 637 2476 suam
659 2431 807 2483 vitam
840 2429 1046 2477 oblectet
1073 2429 1235 2475 modo.
