1618 2866
236 192 296 228 m
586 173 1151 224 CURCULIQ
1387 189 1519 245 mu

230 290 340 350 Jam
365 288 477 336 huic
501 285 742 348 voluptati
770 286 865 331 hoc
889 285 1172 350 adjunctum
1194 299 1262 336 est
1282 289 1466 337 odium.

586 386 615 420 Ρ
655 385 690 419 A
726 385 757 419 L
792 384 814 419 1
850 385 882 419 N
920 385 957 419 U
992 386 1026 421 R
1062 387 1097 420 u
1134 387 1172 423 s.

921 460 1058 531 Quid
1082 461 1144 509 ais
1158 497 1172 520 ,
1191 462 1524 525 propudium?

239 534 370 582 Tun'
392 533 534 580 etiam
557 550 671 581 cum
697 533 939 580 noctuinis
961 535 1132 594 oculis,
1152 535 1322 583 odium
1338 551 1418 583 me
1439 551 1529 594 vo-

497 608 605 656 cas?

241 683 460 741 Ebriola,
486 682 696 744 persolae
725 697 895 747 nugae.

550 772 1224 821 PHAEDROMUS.

655 859 784 906 Tun’
812 875 970 908 meam
994 858 1235 907 Venerem
1261 858 1534 921 vituperas?

249 931 404 1004 Quod
439 931 638 994 quidem
675 933 796 979 mihi
827 934 1068 996 polluctus
1092 932 1229 998 virgis
1260 948 1414 980 servos
1442 947 1536 978 ser-

504 1022 703 1052 monem
729 1016 859 1052 serat.

251 1078 316 1127 At
348 1095 435 1125 nae
468 1088 525 1124 tu
544 1113 558 1136 ,
586 1078 774 1137 hercle,
806 1094 919 1126 curn
943 1077 1152 1126 cruciatu
1172 1093 1348 1142 magno
1379 1075 1537 1123 dixisti

509 1150 561 1195 id
591 1161 694 1196 tuo.

258 1223 390 1269 Hem
412 1222 501 1269 tibi
519 1223 780 1271 maledictis
805 1239 894 1285 pro
920 1223 1044 1270 istis:
1068 1221 1203 1270 dictis
1223 1221 1460 1271 moderari
1483 1232 1542 1271 ut

509 1312 666 1356 queas.

617 1391 646 1424 Ρ
682 1389 717 1423 Α
752 1391 783 1424 L
819 1390 839 1424 1
877 1391 911 1425 N
947 1390 984 1423 U
1020 1392 1052 1425 R
1089 1389 1125 1424 U
1160 1391 1201 1427 s.

257 1467 417 1513 Tuam
443 1466 618 1525 fidem,
645 1467 807 1514 Venus
834 1469 1152 1534 noctuvigila!

556 1567 585 1600 P
626 1566 661 1601 H
695 1568 730 1602 A
765 1569 795 1603 E
831 1570 867 1603 D
905 1571 939 1604 R
975 1569 1008 1603 Ο
1045 1570 1087 1604 Μ
1124 1568 1160 1602 U
1196 1567 1236 1602 S·

893 1644 1074 1709 Pergin’
1108 1643 1251 1690 etiam
1268 1675 1283 1700 ‚
1312 1642 1547 1690 verbero?

611 1746 1201 1783 PLANESIUM.

265 1814 311 1860 N
316 1816 406 1874 011,
428 1815 600 1862 amabo
614 1850 629 1874 ,
649 1818 895 1867 verberare
919 1819 1130 1882 lapidem
1142 1853 1158 1877 ‚
1178 1833 1241 1864 ne
1266 1813 1432 1880 perdas
1451 1831 1552 1861 ma·

515 1905 650 1936 num.

624 1986 1204 2024 PALINURUS.

265 2065 518 2131 Flagitium
557 2066 890 2127 probrumque
920 2081 1155 2131 magnum
1174 2100 1189 2124 ,
1220 2062 1516 2111 Phaedrome
1534 2094 1552 2121 ,

524 2136 864 2202 expergefacis:

268 2211 397 2260 Bene
425 2223 769 2258 monstrantem
814 2212 987 2276 pugnis
1020 2210 1197 2270 caedis,
1225 2211 1349 2257 hanc
1378 2225 1532 2256 amas,

525 2301 670 2348 nugas
701 2302 862 2330 meras.

273 2355 490 2404 Hoccine
506 2358 621 2412 fieri,
645 2368 700 2403 ut
716 2355 990 2404 inmodestis
1012 2368 1061 2405 te
1085 2357 1163 2405 hic
1181 2355 1428 2404 moderere
1447 2368 1555 2401 mo-

526 2431 655 2481 ribus
674 2432 698 2478 Ξ)
