1618 2866
104 167 289 236 ψαῦ’
420 185 1107 234 PROLOGUS.
1288 202 1379 250 149

103 279 300 358 Inponit
326 295 525 341 alterum
559 295 805 359 geminum
837 293 887 340 in
920 309 1087 339 navem
1116 304 1272 355 pater,

98 368 367 415 Tarentum
402 367 558 414 avexit
591 383 751 414 secum
784 366 846 413 ad
879 377 1141 412 mercatum
1172 367 1341 413 simul:

102 441 247 486 Illum
274 441 465 501 reliquit
491 442 691 486 alterum
714 439 844 502 apud
871 451 1070 486 matrem
1098 438 1245 484 domi.

105 514 302 560 Tarenti
323 513 427 559 ludi
456 513 578 559 forte
603 523 759 570 erant5
788 529 940 573 quom
971 511 1084 557 illuc
1114 510 1276 558 venit:

99 586 322 632 Mortales
349 573 518 643 inulti,
540 597 598 632 ut
621 586 683 632 ad
703 585 869 642 ludos,
903 595 1235 631 convenerant.

101 660 225 707 Puer
245 661 472 708 aberravit
499 660 621 706 inter
643 659 861 706 homines
890 675 917 704 a
946 669 1092 721 patre.

101 730 472 794 Epidamniensis
502 731 700 792 quidam
725 731 792 778 ibi
818 725 1047 778 mercator
1079 730 1197 776 fuit:

98 805 142 851 Is
174 821 379 867 puerum
406 805 563 862 tollit,
589 804 845 866 avehitque
862 803 1215 866 Epidamnium.

97 875 232 922 Pater
261 877 358 940 ejus
387 888 578 934 autern,
607 887 864 938 postquam
899 892 1105 938 puerum
1131 873 1370 936 perdidit,

96 948 329 996 Animum
359 949 638 1011 despondit:
672 965 823 1010 eaque
854 950 889 994 is
918 947 1212 1012 aegritudine

96 1022 262 1069 Paucis
282 1022 448 1068 diebus
470 1034 578 1083 post
597 1022 792 1068 Tarenti
814 1034 1037 1068 emortuu
1055 1021 1122 1067 ’st.

94 1093 358 1156 Postquam
380 1093 625 1156 Syracusas
644 1093 705 1140 de
728 1110 777 1139 re
808 1110 861 1139 ea
882 1093 1082 1139 nuntius
1106 1091 1232 1138 redit

97 1166 177 1213 Ad
193 1184 336 1214 avom
348 1183 626 1228 puerorum,
636 1174 839 1227 puerum
853 1167 1135 1227 subreptum
1149 1166 1371 1222 alterum,

96 1240 382 1302 Patremque
413 1242 550 1303 pueri
566 1241 760 1288 Tarenti
793 1258 886 1287 esse
910 1252 1185 1288 emortuum
1200 1275 1215 1298 ,

98 1314 313 1359 Inmutat
342 1330 521 1360 nomen
547 1331 657 1361 avos
684 1315 798 1362 huic
824 1315 1015 1379 gemino
1044 1314 1205 1360 alteri:

96 1386 170 1432 Ita
194 1386 332 1433 illum
362 1386 556 1445 dilexit,
586 1388 674 1449 qui
700 1387 997 1449 subreptu’st
1016 1422 1031 1444 ‚
1057 1388 1272 1433 alterum
1297 1383 1303 1398 '

95 1459 225 1505 Illius
251 1476 434 1507 nomen
466 1461 588 1507 indit
616 1462 719 1519 illi,
749 1461 836 1523 qui
870 1461 1003 1508 domi
1020 1462 1101 1506 ’st:

97 1530 408 1578 Menaechmo
437 1531 567 1578 idem
597 1533 735 1594 quod
758 1534 889 1579 alteri
909 1546 1091 1579 nomen
1119 1533 1237 1591 fuit,

94 1603 156 1648 Et
187 1603 312 1664 ipsus
342 1603 514 1650 eodem
532 1605 586 1650 'st
617 1622 727 1650 avos
750 1616 943 1651 vocatus
977 1605 1201 1668 nomines

97 1676 349 1738 Propterea
375 1677 496 1722 illius
527 1693 710 1723 nomen
740 1678 941 1723 memini
969 1677 1145 1724 facilius
1162 1670 1184 1735 ,'

95 1747 226 1817 Quia
248 1749 398 1795 illum‘
413 1750 618 1795 clamore
642 1749 742 1795 vidi
768 1749 1026 1814 flagitarier.

91 1818 169 1867 Ne
194 1838 313 1868 mox
347 1822 527 1879 erretis,
553 1823 656 1886 jam
682 1839 814 1869 nunc
844 1823 1065 1884 praedico
1094 1823 1239 1885 prius.

98 1892 235 1944 Idem
268 1906 335 1941 est
357 1894 590 1941 ambobus
623 1911 803 1942 nomen
829 1895 1026 1959 geminis
1055 1894 1289 1942 fratribus.

96 1963 237 2013 Nunc
271 1968 323 2013 in
358 1968 683 2030 Epidamnum
733 1968 938 2030 pedibus
977 1968 1282 2016 redeundum
1311 1971 1366 2015 ’st

343 2041 494 2098 mihi,

99 2107 165 2153 Ut
191 2109 312 2157 hanc
331 2129 432 2158 rem
455 2115 590 2160 vobis
616 2116 895 2161 examussim
920 2115 1174 2178 disputem.

99 2180 148 2226 Si
179 2182 283 2241 quis
305 2185 422 2244 quid
450 2198 662 2234 vostrum
688 2187 1012 2249 Epidamnum
1042 2188 1189 2234 curari
1213 2188 1301 2235 sibi

60 2263 62 2265 ’
94 2250 253 2308 Velit,
282 2253 318 2298 is
342 2256 558 2304 audacter
583 2258 814 2320 imperato
845 2271 891 2305 et
916 2260 1087 2306 dicito:

98 2321 193 2369 Sed
219 2323 309 2381 ita,
337 2338 393 2372 ut
411 2327 514 2386 det,
537 2331 668 2376 unde
700 2332 846 2378 curari
869 2332 918 2377 id
940 2332 1085 2392 possit
1114 2331 1214 2376 sibi.

98 2396 222 2442 Nam
253 2398 340 2444 nisi
365 2400 450 2460 qui
474 2414 720 2465 argentum
751 2405 932 2451 dederit
947 2439 963 2463 ‚
990 2421 1136 2468 nugas
1162 2404 1329 2467 egerit:

1036 2485 1142 2544 K3
