1618 2866
84 208 131 244 v.
162 206 250 254 113
363 184 675 238 ‘ACTUS
726 186 805 233 ΙΙ.
855 176 1122 233 ΞΩΊῙῙ.
1266 199 1365 249 357

86 296 135 345 Si
162 299 226 345 ita
255 313 358 346 non
388 298 599 360 reperio,
634 297 718 344 ibo
747 295 947 344 odorans
972 296 1104 358 quasi
1129 294 1252 343 canis
1278 311 1363 342 ve·-

339 371 519 417 naticus
535 405 550 428 ‚
1363 385 1365 387 ¹

86 445 251 507 Usque
274 446 428 492 donec
450 456 720 507 persecutus
747 445 943 506 volpem
974 460 1055 490 ero
1081 442 1295 507 vestigiis.

87 518 183 567 Sed
212 519 332 565 fores
359 529 751 580 concrepuerunt>
765 529 974 564 nostrae:
1006 533 1095 582 ego
1121 516 1232 564 voci
1257 530 1365 560 mo-

288 614 295 619 ·
342 592 517 638 derabo
546 608 691 637 meae.

90 664 214 711 Nam
243 665 338 712 illic
368 676 436 711 est
460 664 805 711 Philocomasio
837 674 991 711 custos
1020 679 1155 710 meus
1180 677 1366 709 conser-

337 755 448 797 vos,
478 749 624 800 atque
647 739 685 784 it
707 738 839 785 foras.

395 852 433 898 S
488 850 527 897 C
574 851 620 898 E
667 851 722 898 N
764 851 806 897 Α
891 848 1049 895 III.

164 962 687 1000 SCELEDRUS,
747 959 1285 996 PALAESTRIO.

443 1081 1016 1118 SCELEDRUS.

89 1136 192 1247 N
207 1204 300 1246 181
329 1199 528 1262 quidem
556 1215 644 1264 ego
675 1198 822 1246 hodie
846 1197 1088 1245 ambulavi
1122 1196 1362 1244 dormiens

342 1274 395 1318 in
424 1271 621 1336 tegulis,

93 1342 438 1408 Certo-edepol
467 1343 561 1390 scio
593 1360 673 1389 me
706 1342 873 1390 vidisse
902 1342 983 1388 hic
1009 1357 1275 1403 proxumae
1292 1344 1365 1390 vi·-

344 1418 491 1465 ciniae

91 1490 492 1538 Philocomasium
516 1490 712 1537 herilem
737 1490 935 1537 amicam
952 1490 1041 1536 sibi
1059 1489 1207 1535 alium
1224 1505 1369 1551 quae-

340 1582 455 1612 rere.
616 1568 622 1573 ’
1218 1568 1222 1572 ’

125 1692 130 1699 ¹
319 1636 1044 1694 V'PALAESTRIO.

96 1710 189 1757 Hic
210 1710 339 1758 illam
368 1710 491 1757 vidit
515 1710 807 1755 osculantem
821 1742 837 1767 ,
866 1718 1108 1769 quantum
1132 1708 1263 1755 hunc
1288 1724 1371 1756 au»

353 1784 455 1830 divi
479 1782 630 1843 loqui.

238 1870 254 1885 ·-
451 1867 473 1902 s
513 1869 540 1901 c
576 1868 608 1900 Ε
643 1868 675 1902 1,
708 1868 739 1901 Ε
773 1869 810 1901 D
846 1868 881 1901 R
917 1867 953 1901 U
989 1868 1026 1901 s.

97 1926 220 1996 Quis
242 1929 321 1975 hic
350 1929 451 1974 est?

412 2013 442 2046 1>
478 2012 513 2046 A
547 2013 578 2046 L
613 2012 649 2046 A
679 2012 711 2045 E
747 2012 770 2046 S
807 2012 840 2045 Τ
873 2013 908 2046 R
940 2012 963 2045 1
1003 2013 1051 2045 Ο.

226 2070 361 2119 Tuus
388 2089 646 2120 conservos.
671 2073 793 2134 quid
817 2074 936 2137 agis,
962 2071 1207 2119 Sceledre?

451 2158 475 2192 s
511 2159 538 2192 c
574 2159 604 2191 E
639 2158 670 2191 1.
705 2159 735 2191 Ε
773 2158 809 2191 D
845 2160 880 2192 R
914 2158 949 2191 U
991 2159 1029 2192 s.

967 2219 1041 2264 Te
1056 2252 1070 2277 ‚
1104 2218 1349 2265 Palaestrio
1362 2250 1378 2275 ‚

101 2275 295 2338 Volupe
312 2278 367 2324 'st
390 2282 673 2328 convenisse.

410 2362 439 2394 P
476 2354 512 2396 A
546 2365 577 2397 1.
613 2365 648 2398 A
684 2366 714 2398 E
752 2365 775 2399 s
816 2367 847 2399 τ
882 2367 917 2400 R
951 2367 973 2399 1
1010 2367 1058 2398 0.

366 2421 503 2490 Quid
518 2423 651 2487 jam?
676 2436 759 2472 aut
782 2426 909 2488 quid
930 2426 1120 2489 negoti,
1139 2424 1211 2469 fac
1229 2425 1384 2474 sciam.

1118 2497 1161 2544 Z
1196 2513 1221 2558 3
