1618 2866
54 200 180 246 v.34
345 179 652 230 ACTUS
710 179 769 227 V.
819 178 926 227 SC.
978 180 1060 227 11.
1233 196 1320 243 141

437 304 468 337 E
504 304 531 336 P
566 304 587 336 1
622 304 658 336 D
695 303 716 336 1
750 302 848 335 C'U
884 302 922 336 S.

425 365 541 410 Aio:
572 365 649 410 vel
668 364 727 410 da
755 366 954 428 pignus,
980 366 1032 411 ni
1060 382 1114 412 ea
1141 366 1198 412 sit
1215 365 1322 412 filia.

375 455 404 487 P
441 456 471 487 E
506 456 540 488 R
574 455 594 487 1
631 455 658 488 P
698 455 732 487 Η
767 454 803 487 Α
836 455 870 487 Ν
903 456 935 488 Ε
971 456 1010 489 s.

57 515 219 585 Quam
239 526 381 577 negat
406 515 588 560 novisse
606 525 753 559 mater
765 515 787 559 Ρ

450 599 483 632 Ε
517 597 545 631 Ρ
579 599 602 631 1
638 599 673 630 D
707 597 731 630 1
766 599 793 631 C
829 598 865 631 U
897 597 935 631 S.

752 655 815 701 Ni
838 672 947 721 ergo
965 659 1123 704 matris
1140 659 1233 705 filia
1245 660 1300 707 ’st
1312 693 1329 718 ‚

19 793 22 796 Ι
58 730 124 778 In.
133 745 295 776 meum
309 745 584 786 nummum,
598 728 648 774 in
662 739 804 775 tuum
817 730 1051 775 talentum
1064 730 1237 795 pignus
1255 732 1328 779 da.

369 825 401 858 P
434 823 466 857 Ε
501 826 535 858 R
571 824 591 856 1
629 824 658 857 Ρ
694 823 728 856 Η
762 823 797 856 A
830 825 864 857 N
898 825 928 857 Ε
966 824 1003 858 s.

751 882 894 928 Enim
918 882 1056 929 istaec
1087 885 1242 946 captio
1258 886 1326 932 ’st.

58 945 151 994 Sed
176 947 282 1008 quis
309 963 361 993 ea
392 946 447 991 'st
472 946 674 992 mulier?

448 1039 479 1071 Ε
514 1039 541 1070 P
580 1039 599 1071 1
636 1039 671 1070 D
708 1038 729 1070 1
764 1039 790 1070 c
828 1036 862 1068 U
899 1037 939 1070 s.

313 1097 410 1142 Tui
434 1096 561 1158 gnati
580 1095 729 1140 amica
746 1129 760 1152 ‚
790 1107 849 1139 ut
873 1109 1069 1139 omnem
1090 1110 1191 1140 rem
1208 1095 1330 1148 scias,

385 1189 414 1221 P
449 1188 479 1220 Ε
515 1188 548 1220 R
584 1189 604 1220 1
642 1189 668 1220 P
700 1187 733 1219 Η
768 1187 803 1219 Α
838 1187 869 1220 Ν
907 1184 937 1218 Ε
975 1187 1014 1220 s.

63 1250 234 1298 Dedin’
259 1249 345 1295 tibi
371 1250 519 1294 minas
546 1247 732 1310 triginta
762 1246 827 1292 ob
860 1246 1039 1292 filiam?

445 1343 474 1375 Ε
511 1343 539 1375 Ρ
574 1343 595 1374 1
631 1343 667 1374 D
701 1342 723 1374 1
758 1341 785 1372 c
821 1340 856 1372 U
892 1339 930 1373 s.

991 1392 1158 1437 Fateor
1180 1390 1334 1450 datas',

63 1466 124 1512 Et
145 1481 204 1512 eo
225 1475 415 1529 argento
448 1465 577 1511 illam
604 1482 683 1511 me
711 1465 871 1510 emisse
900 1464 1101 1510 amicam
1130 1466 1196 1510 fili
1222 1465 1330 1511 fidi-

312 1554 465 1583 emam

61 1611 152 1656 Pro
181 1620 264 1656 tua
292 1610 398 1654 filia.
431 1610 524 1655 istis
551 1598 670 1654 adeo
696 1619 744 1653 te
772 1607 904 1671 tetigi
925 1607 1114 1671 triginta
1142 1607 1294 1660 minis.

382 1693 410 1725 P
448 1693 478 1724 Ε
513 1694 546 1726 R
581 1694 599 1725 1
633 1692 661 1724 P
699 1691 731 1723 Η
767 1691 801 1724 Α
834 1692 868 1724 N
902 1691 933 1723 E
969 1691 1007 1723 s.

63 1751 329 1824 Quomodo
352 1769 431 1798 me
454 1751 705 1798 ludifecisti
739 1751 800 1797 de
828 1751 907 1796 issa
940 1749 1238 1796 conducticia

62 1826 300 1873 Fidicina?

210 1935 226 1950 γ’
446 1903 476 1934 Ε
511 1902 539 1935 Ρ
574 1902 596 1934 1
632 1902 667 1934 D
703 1902 725 1934 1
759 1901 786 1932 c
822 1901 857 1933 U
894 1900 930 1933 s.

196 1964 393 2010 Factum
413 1964 568 2010 hercle
588 1979 700 2010 vero
713 1997 727 2020 ,
746 1973 794 2007 et
810 1973 935 2007 recte
953 1956 1133 2009 factum
1146 1960 1328 2023 judico.

377 2055 1008 2103 PERJPHANES.

73 2115 208 2185 Quid
227 2126 466 2176 postremo
489 2129 681 2182 argento
707 2117 979 2175 factuin’st,
1003 2116 1139 2178 quod
1157 2117 1300 2163 dedi?

458 2217 489 2249 E
524 2216 552 2248 Ρ
588 2218 608 2250 1
645 2219 680 2250 D
715 2218 736 2250 1
770 2219 797 2251 c
833 2217 870 2250 U
905 2218 966 2266 ss

648 2308 652 2316 f
1032 2269 1202 2315 Dicam
1227 2267 1328 2312 tibi.

71 2338 242 2400 Neque
271 2339 398 2384 malo
424 2339 638 2398 homini,
656 2358 816 2404 neque
838 2342 1074 2406 benigno,
1104 2352 1192 2386 tuo
1220 2338 1332 2385 dedi

319 2408 628 2472 Stratippocli.
