1618 2866
64 150 191 196 v.15
472 131 809 181 ACTUS
873 132 933 180 V.
1251 137 1346 196 461

258 246 1169 282 PYRGOPOLINICES.

62 316 276 364 Obsecro
306 316 460 361 hercle
484 328 531 361 te
546 350 560 373 ,
595 327 652 362 ut
676 333 782 361 mea
811 316 955 363 verba
978 317 1164 377 audias,
1197 319 1349 383 prius-

319 406 468 450 quam
498 401 634 435 secat.

230 484 1217 521 PERIPLECTOMENES.

64 552 286 614 Loquere
309 586 323 610 ‚
353 551 574 597 nondum
598 553 733 598 nihili
759 552 921 600 factus.

255 644 1152 681 PYRGOPOLINICES.

792 703 1003 751 Viduam
1033 722 1127 750 esse
1157 708 1342 753 censui:

60 777 242 838 Itaque'
263 776 429 822 ancilla
448 811 463 834 ,
502 776 792 824 conciliatrix
825 793 949 838 quae
984 789 1080 824 erat
1099 813 1115 836 ,
1156 778 1346 826 dicebat

313 850 446 895 mihi.

218 938 1206 977 PERI'PLECTOMENES.

51 1013 193 1073 Jura,
222 1024 270 1058 te
300 1012 583 1057 nociturum
613 1026 705 1055 esse
732 1009 1069 1056 homini—nunc
1098 1011 1185 1056 hac
1211 1011 1271 1057 de
1291 1029 1344 1060 re

318 1100 533 1140 nemini,
1357 1130 1362 1138 ,

59 1156 212 1226 Quod
240 1169 295 1202 tu
321 1156 464 1201 hodie
491 1155 567 1201 hic
588 1155 882 1213 verberatus,
919 1167 1003 1202 aut
1021 1156 1158 1218 quod
1174 1157 1339 1204 verbe*

311 1228 500 1284 tabere,

0 1305 10 1337 Ι
59 1299 111 1348 Si
140 1313 188 1347 te
220 1303 399 1347 salvom
425 1301 537 1347 hinc
573 1300 805 1346 mittimus
828 1299 1102 1348 Venereum
1135 1315 1342 1366 nepotu-

227 1419 231 1425 .
303 1377 421 1422 lum.

251 1469 1154 1505 PYRGOPOLINICES.

54 1537 173 1597 Juro
203 1554 289 1600 per
310 1526 514 1584 Dianam
533 1550 581 1583 et
598 1538 800 1583 Martem
815 1572 829 1594 ‚
859 1554 937 1583 me
954 1539 1230 1586 nociturum
1255 1557 1338 1588 ne·

58 1670 68 1676 ξ
303 1614 450 1671 mini,

53 1676 211 1746 Quod
236 1695 324 1742 ego
354 1679 430 1724 hic
458 1677 602 1723 hodie
618 1677 822 1738 vapulo:
846 1677 930 1724 sed
954 1678 1074 1724 mihi
1096 1679 1150 1725 id
1174 1696 1329 1742 aeque

302 1751 481 1798 factum
512 1751 725 1797 arbitror.

54 1821 117 1868 Et
139 1823 177 1868 si
204 1823 446 1880 intestatus
471 1841 572 1871 non
591 1824 712 1870 abeo
740 1824 881 1883 hinc,
916 1824 1042 1871 bene
1072 1827 1225 1890 agitur
1242 1844 1331 1889 pro

302 1913 459 1942 noxia.
866 1942 872 1944 ,

210 1986 1190 2023 PERIPLECT.0MENES.

51 2055 189 2126 Quid
214 2057 250 2101 si
282 2057 333 2102 id
358 2072 460 2102 non
484 2056 634 2102 faxis?

247 2144 1145 2181 PYRGOPOLINIGES.

549 2208 616 2254 Ut
642 2208 801 2254 vivam
830 2223 1015 2269 semper
1040 2205 1328 2256 intestabilis·

534 2302 561 2334 c
595 2301 632 2334 A
665 2302 701 2334 R
735 2301 756 2333 1
791 2300 839 2333 o.

49 2366 335 2416 Verberetur
353 2368 523 2428 etiam,
548 2383 657 2430 post
687 2371 777 2418 tibi
793 2372 1115 2421 amittendum
1144 2386 1325 2418 censeo.
