1618 2866
82 183 241 230 v.140
352 165 645 215 ACTUS
692 166 948 214 111.s‹:.
998 168 1036 214 1.
1266 183 1363 236 39⁷2

81 278 224 326 Nunc
247 277 361 324 volo
388 277 645 333 obsonare,
673 287 756 334 ut,
786 276 984 338 hospes,
1012 288 1094 324 tua
1118 287 1166 324 te
1194 293 1255 324 ex
1270 279 1361 326 vir-

333 362 439 397 tute
457 384 471 407 ,
504 360 552 394 et
581 364 687 394 mea
1286 333 1290 342 ’

67 423 216 471 -Meae
245 423 381 469 domi
414 421 643 483 accipiam
674 420 880 486 benigne
898 457 913 481 ‚
940 422 1126 484 lepide,
1161 434 1209 471 et
1241 424 1361 486 lepi-

335 495 404 540 dis
434 494 651 541 victibus.

437 580 466 612 P
503 579 534 611 L
571 579 603 611 E
642 577 678 610 U
714 576 738 610 s
777 577 799 609 1
836 578 872 610 D
905 578 935 611 Ε
973 578 1010 614 s.

82 633 214 680 Nihil
242 649 321 679 me
350 631 568 694 poenitet
585 631 687 695 jam
704 663 720 688 ,
756 641 939 690 quanto
972 631 1153 678 sumtui
1185 629 1360 677 fuerim

334 703 437 750 tibi.

21 771 33 780 ’
82 777 206 824 Nam
229 778 397 838 hospes
423 777 583 822 nullus
612 786 712 822 tam
740 775 792 820 in
820 774 958 821 amici
985 775 1248 838 hospitium
1276 775 1360 821 de-

331 848 458 894 vorti
486 858 673 909 potest,

85 921 224 990 Quin
250 920 338 967 ubi
360 920 576 966 triduum
602 920 890 966 continuum
915 917 1058 963 fuerit
1068 918 1198 981 ,jam
1226 918 1359 965 odio«

335 1011 408 1040 sus
436 994 534 1039 siet.

79 1068 267 1116 Verum
297 1067 384 1113 ubi
414 1066 510 1112 dies
543 1064 710 1110 decem
738 1062 991 1108 continuos
1016 1063 1360 1121 inmorabitur,

62 1196 65 1197 ⁷
84 1141 295 1187 Tametsi
316 1139 540 1186 dominus
558 1152 660 1182 non
686 1136 860 1182 invitus
878 1137 1076 1196 patitur,
1094 1137 1212 1183 servi
1232 1153 1361 1183 mut-

341 1223 543 1259 musant-

245 1270 1231 1332 PERIPLEGTOMENES.

83 1360 335 1408 Servientis
366 1358 588 1404 servitute
619 1372 707 1420 ego
741 1371 893 1401 servos
928 1353 1175 1400 introduxi
1205 1354 1357 1412 mihi,

82 1433 267 1495 Hospes
285 1466 300 1490 ,
331 1447 433 1477 non
461 1429 546 1490 qui
564 1426 683 1474 mihi
714 1427 1025 1489 impensem,
1061 1426 1237 1487 quibus
1269 1443 1357 1491 ego

334 1520 478 1550 essem
511 1501 775 1548 obnoxius:

83 1580 133 1627 Si
159 1579 247 1625 iuis
274 1594 407 1642 aegre
424 1578 506 1633 ’st‚
543 1575 662 1620 mihi
686 1573 823 1634 quod
854 1573 1032 1633 volupe
1048 1572 1102 1616 'st
1118 1605 1132 1627 ,
1160 1566 1269 1616 meo
1290 1587 1358 1616 re·-

332 1651 479 1715 migio
512 1666 614 1695 rem
639 1664 764 1711 gero.

82 1727 268 1774 Tamen
297 1725 348 1771 id
367 1723 503 1786 quod
522 1722 634 1768 odio
658 1721 712 1765 'st
724 1754 738 1777 ‚
764 1718 1042 1766 faciundum
1056 1718 1112 1763 ’st
1129 1733 1242 1763 cum
1260 1733 1357 1764 ma-

332 1798 381 1843 lo
417 1807 562 1855 atque
594 1791 807 1855 ingratiis.

83 1868 250 1931 Nunc‘,
272 1871 409 1934 quod
427 1867 619 1928 occepi,
640 1866 925 1911 obsonatum
942 1881 1146 1929 pergam.

437 1962 465 1994 P
499 1962 529 1994 Ι,
565 1962 595 1994 E
631 1959 667 1992 U
703 1958 726 1992 s
761 1959 783 1991 1
819 1958 854 1991 D
890 1959 920 1991 Ε
958 1959 995 1992 s.

898 2018 947 2064 Si
968 2018 1219 2064 certum’st
1243 2016 1357 2072 tibi,

85 2097 462 2146 Commodulum
489 2095 695 2151 obsona,
727 2109 789 2138 ne
813 2108 987 2155 magno
1016 2102 1200 2137 sumtu:
1234 2089 1355 2135 mihi

338 2168 525 2229 quidvis
547 2178 614 2213 sat
642 2176 722 2212 est.

245 2253 1216 2293 PERIPLECTOMENES.

86 2324 224 2395 Quin
256 2334 313 2370 tu
345 2321 489 2366 istanc
530 2320 792 2367 orationem
825 2318 937 2364 hinc
965 2327 1174 2363 veterem
1209 2325 1355 2372 atque

338 2392 587 2453 antiquam
617 2406 817 2438 amoves.
