1618 2866
71 158 229 215 v.167
379 153 654 203 ACTUS
703 155 822 202 ΙΙΙ.
877 152 980 201 SC.
1035 153 1075 200 1.
1259 169 1356 218 399

394 276 423 309 P
459 276 494 308 A
530 276 562 309 1.
598 275 634 308 A
666 275 696 307 Ε
734 274 756 308 s
794 275 826 308 Τ
860 275 895 308 R
929 275 950 308 1
989 275 1038 309 o.

73 337 223 403 Igitur
243 336 321 395 id,
351 335 489 397 quod
520 334 672 399 agitur
705 334 845 392 hinc,
874 333 1088 395 primum
1119 334 1359 395 praevorti

330 409 479 454 decet.

77 481 222 530 Nunc
240 483 337 528 huc
354 481 571 526 animum
587 477 821 526 advortite
838 478 998 524 ambo.
1020 478 1144 525 mihi
1160 495 1279 541 opus
1293 492 1362 567 est

331 570 473 615 opera
498 564 579 598 tua
594 585 609 607 ,

77 629 508 690 Periplectomene·
540 641 653 671 nam
682 640 771 689 ego
809 624 975 671 inveni
997 623 1206 686 lepidam
1231 641 1365 688 syco-

246 699 255 708 '
330 698 609 761 phantiam,

80 772 185 842 Qui
196 771 503 818 admutiletur
512 770 647 816 Miles
660 785 813 831 usque
828 770 1095 817 caesariatus
1106 789 1115 816 :
1131 781 1278 832 atque
1288 772 1362 817 uti

80 844 209 891 Huic
226 845 405 891 amanti
432 860 485 890 ac
500 844 847 891 Philocomasio
870 844 994 892 hanc
1012 845 1265 892 efficiamus
1282 861 1360 892 co·-

331 920 461 981 Piam
477 953 492 977 ²
506 950 524 969 ·

81 990 147 1038 Ut
163 992 239 1039 hic
258 1009 363 1038 eam
379 993 583 1038 abducat
599 1025 613 1048 ,
632 992 880 1053 abeatque.
926 1039 931 1041 ,

242 1056 1228 1114 ΡΕΒῙΡΡΕΟΤΟΜἘΝΕε.

668 1138 782 1184 Dari
807 1139 953 1185 istanc
978 1140 1212 1188 rationem
1235 1142 1367 1189 volo.

408 1220 436 1252 P
477 1221 510 1253 A
546 1221 577 1254 L
614 1221 649 1254 A
685 1222 716 1255 Ε
752 1222 775 1256 s
814 1223 844 1255 T
881 1224 915 1256 R
950 1223 971 1255 1
1010 1223 1063 1256 ο.

86 1279 151 1327 At
167 1297 254 1345 ego
271 1280 391 1326 mihi
409 1282 610 1327 anulum
629 1282 727 1328 dari
744 1283 889 1329 istum
905 1294 1050 1329 tuum
1066 1285 1194 1330 volo.

247 1374 1220 1411 PERIPLECTOMENES.

732 1435 898 1505 Quam
919 1423 990 1482 ’ad
1021 1452 1124 1482 rem
1151 1439 1258 1484 usui
1275 1439 1364 1486 ’sti'

404 1520 433 1553 P
469 1520 504 1553 A
540 1521 571 1553 Ι.
606 1521 643 1554 A
676 1521 707 1554 Ε
746 1522 768 1555 s
807 1522 838 1554 T
873 1523 907 1555 R
945 1521 966 1554 1
1005 1522 1055 1554 o.
1213 1562 1218 1566 .

89 1580 303 1652 Quando
339 1581 531 1627 habebo
546 1616 561 1639 ‚
604 1582 746 1645 igitur
778 1583 1013 1629 rationem
1049 1597 1266 1628 mearum
1298 1582 1366 1629 fa-

338 1654 575 1701 bricarum
605 1655 744 1700 dabo.

184 1750 194 1752 *
250 1739 1236 1775 PERIPLECTOMENAES.

91 1801 259 1860 Utere,
291 1802 462 1863 accipe.

237 1873 244 1876 ”
407 1887 437 1920 Ρ
475 1885 510 1919 A
543 1885 575 1918 1.
609 1885 645 1919 A
685 1886 716 1919 E
753 1886 778 1920 s
814 1886 846 1920 ‘r
880 1887 915 1920 R
948 1887 970 1920 1
1006 1887 1055 1920 0.

416 1946 591 2007 Accipe
609 1963 636 1992 a
664 1963 744 1994 me
766 1963 954 1994 rursum
982 1947 1216 1994 rationem
1239 1947 1367 2006 doli,

97 2019 261 2089 Quam
287 2020 481 2068 institui.

449 2106 478 2139 P
513 2105 544 2138 L
578 2105 609 2137 E
645 2104 681 2137 u
717 2104 739 2138 s
776 2104 799 2137 1
833 2105 868 2137 D
906 2105 937 2138 Ε
973 2104 1011 2138 s.

176 2163 467 2228 Perpurgatis
485 2167 628 2212 ambo
646 2164 812 2211 damus
838 2165 928 2210 tibi
955 2180 1149 2225 operam
1166 2168 1367 2218 auribus.

422 2261 1068 2295 PALAESTRIO.

103 2318 258 2366 Herus
283 2333 418 2363 meus
449 2318 514 2363 ita
544 2335 741 2398 magnus
761 2321 988 2367 moechus
1014 2321 1297 2369 mulierum'
1300 2331 1369 2379 st,

354 2400 411 2435 ut
440 2389 684 2435 neminem
