1618 2866
238 165 361 228 386·
464 160 722 211 MILES
765 161 1268 211 GLORIOSUS.
1393 181 1521 229 v.99

236 277 361 324 Nam
378 276 478 340 jam
505 274 672 334 aliquo
698 272 968 338 aufugiam,
987 283 1037 319 et
1061 289 1141 321 me
1163 274 1417 321 occultabo
1439 275 1526 322 ali-

492 360 616 410 quot
639 348 763 407 dies,
1436 395 1441 399 .

239 424 378 472 Dum
397 425 486 470 hae
504 423 821 469 consilescunt
838 422 1031 480 turbae,
1047 432 1194 484 atque
1211 421 1304 469 irae
1318 424 1524 470 leniunt.

237 497 364 543 Nam
386 497 487 561 jam
515 512 646 542 nunc
669 496 773 541 satis
801 507 848 542 et
873 497 982 558 plus
1004 496 1157 542 nimio
1183 496 1340 543 merui
1361 498 1490 543 mali.

184 609 192 619 .
236 569 286 623 N
288 582 587 619 erumtamen
616 569 677 616 de
701 585 783 616 me
807 570 1054 632 quidquid
1078 581 1173 629 est,
1193 569 1278 617 ibo
1303 569 1417 618 hinc
1437 570 1526 620 do·-

490 661 645 691 mum.

397 715 1380 778 PEierLEcToMEnEs.

235 816 341 863 Illic
371 815 484 860 hinc
513 811 739 859 abscessit.
778 820 845 856 sat
872 808 1046 870 edepol
1070 818 1198 854 certo
1232 809 1360 867 scio,

239 887 460 934 Occisam
493 901 629 946 saepe
663 898 822 944 sapere
853 883 962 943 plus
986 881 1144 926 multo
1175 897 1341 927 suem:

329 964 438 1008 oine
469 959 728 1016 eximatur,
764 972 827 1003 ne
857 955 939 1013 id,
973 953 1111 1016 quod
1140 954 1292 1012 vidit,
1327 953 1525 1002 viderit!

236 1033 364 1081 Nam
391 1033 515 1079 illius
548 1031 704 1088 oculi,
739 1040 886 1091 atque
908 1043 1069 1084 aureS,
1099 1037 1247 1088 atque
1277 1026 1461 1089 opinio·

239 1106 554 1170 Transfugere
572 1104 634 1151 ad
647 1121 747 1151 nos.
769 1119 924 1165 usque
942 1102 1101 1149 adhuc
1116 1102 1343 1148 actum'st
1358 1101 1529 1164 probe.

237 1181 458 1227 Nimium
490 1178 705 1225 festivam
734 1177 908 1223 mulier
940 1191 1134 1237 operam
1158 1174 1394 1236 praebuit.

239 1254 406 1302 Redeo
434 1253 485 1298 in
518 1232 735 1298 senatum
763 1267 932 1297 rursus.
961 1265 1074 1295 nam
1102 1246 1351 1294 Palaestrio

238 1326 389 1375 Domi
425 1341 558 1371 nunc
598 1324 729 1386 apud
763 1340 869 1370 me:
915 1321 1161 1369 Sceledrus
1196 1336 1330 1368 nunc
1363 1330 1528 1368 autem

497 1395 630 1441 foras.

239 1472 482 1532 Frequens
513 1480 697 1516 senatus
731 1468 909 1530 poterit
938 1483 1070 1514 nunc
1102 1467 1328 1513 haberier.

237 1546 330 1593 Ibo
352 1544 505 1592 intro:
530 1560 622 1602 ne,
654 1542 776 1588 dum
804 1540 971 1587 absum
989 1573 1005 1599 ,
1034 1539 1123 1586 illis
1152 1539 1335 1586 sortitio
1363 1536 1478 1584 fuat.

526 1716 980 1777 ACTUS
1070 1714 1257 1774 ΙΙΙ.

657 1852 991 1901 SCENA
1084 1851 1125 1897 L

307 1991 881 2032 PALAESTRIO,
942 1987 1456 2026 PLEUSIDES.

477 2074 1284 2121 PER'IPLECTOMENES.

562 2212 1207 2250 PALAESTRIO.

241 2271 335 2389 C
348 2350 382 2386 o
394 2349 428 2385 H
440 2349 460 2384 1
475 2350 502 2383 Β
518 2349 547 2382 Ε
561 2348 592 2381 Τ
604 2347 634 2380 Ε
664 2334 786 2381 intra
809 2333 957 2380 limen
979 2333 1121 2379 etiam
1137 2347 1221 2380 vos
1241 2311 1520 2394 parumper,

499 2405 747 2456 Pleusides.
