1618 2866
86 187 218 235 φας,
410 165 686 217 ACTUS
732 167 814 214 ΙΙ.
857 164 959 214 SC.
1009 165 1048 212 1.
1274 178 1371 229 495

375 280 1093 321 PHILOLAGHES.

605 342 777 389 Certe?

542 431 573 464 Τ
607 433 643 466 R
678 431 713 464 A
745 431 779 464 N
814 429 838 462 1
872 430 922 464 o.

765 489 933 547 Certe,
964 490 1180 551 inquam.

379 575 1089 612 PHILOLACHES.

1181 628 1375 679 Occidi!

92 694 141 742 Si
170 705 224 742 tu
249 709 358 742 vera
378 708 622 741 memoras.

546 778 577 811 Τ
615 778 650 811 R
686 777 722 810 A
755 777 790 811 N
825 778 847 811 1
883 777 933 812 0.

506 837 648 907 Quid
675 837 797 883 mihi
821 837 878 884 sit
900 838 1020 884 boni
1035 872 1050 896 ,
1080 839 1118 885 si
1140 842 1378 891 mentiar?

95 977 107 983 -
386 933 1096 969 PHILOLACHES.

96 995 236 1067 Quid
265 986 353 1060 ego
383 1010 515 1041 nunc
546 992 747 1039 faciam?

551 1082 583 1114 Τ
618 1082 652 1115 R
688 1081 723 1114 A
757 1082 791 1115 Ν
826 1081 848 1114 1
885 1083 933 1115 ο.

510 1141 638 1200 Jube
662 1142 777 1187 haec
805 1142 919 1188 hinc
945 1143 1106 1189 omnia
1132 1146 1379 1193 amolirier.

99 1214 223 1284 Quis
255 1214 356 1261 istic
382 1214 595 1260 dormit?

395 1300 1104 1335 PHILOLACHES.

492 1360 832 1407 Callidamates,

557 1448 590 1481 Τ
624 1449 659 1482 R
696 1448 732 1481 A
766 1448 800 1481 N
835 1448 857 1481 1
895 1448 946 1482 o.

698 1509 878 1556 Suscita
902 1510 1073 1570 istum,
1103 1510 1382 1574 Delphium.

330 1642 333 1644 ‚
367 1603 373 1606 ·
489 1597 525 1629 D
563 1597 594 1629 E
630 1597 660 1629 L
696 1597 726 1630 P
762 1597 797 1629 H
832 1596 855 1629 1
891 1595 926 1629 u
962 1596 1020 1629 M.
1199 1575 1203 1580 ’

107 1657 431 1705 Callidamates
443 1691 457 1715 ‚
489 1657 813 1703 Callidamates
826 1691 840 1714 ,
863 1656 1017 1719 vigila.

371 1750 1159 1783 c-ALLIDAMATES.

754 1810 938 1875 Vigilo:
975 1810 1095 1856 cedo
1127 1821 1183 1857 ut
1207 1811 1384 1862 bibam.

494 1890 532 1923 D
566 1888 598 1921 E
632 1889 662 1921 L
699 1889 729 1923 P
765 1889 800 1922 H
835 1889 856 1921 Ι
893 1886 928 1920 U
964 1888 1021 1921 M.

112 1945 286 2011 Vigila:
316 1961 447 2011 pater
473 1949 664 1996 advenit
683 1964 876 2013 peregre
898 1947 1207 1995 Philolachae.

371 2041 1156 2076 CALLIDAMATES.

1050 2100 1215 2148 Valeat
1242 2111 1391 2162 patet.

406 2183 1109 2221 PHILOLACHES.

120 2240 257 2290 Valet
281 2240 360 2287 ille
390 2243 587 2302 quidem
601 2279 616 2302 ,
647 2257 794 2306 atque
828 2261 917 2309 ego
946 2245 1147 2307 disperii.

340 2312 1163 2372 'cALzlnAMATEa

757 2397 1035 2461 Disperisti?
1064 2399 1150 2460 qui
1174 2409 1291 2460 pote
1306 2396 1395 2444 ’sti’
