1618 2866
207 200 304 263 a&
532 161 1138 246 MERCATOR.
1368 196 1497 247 ww

599 319 1185 361 CHARINUS.‘

1147 371 1461 435 Nonpotest.

589 448 1114 486 EUTYCHUS.

209 503 336 551 Bene
360 503 476 548 vale.

603 579 631 611 c
670 579 705 612 Η
740 579 775 611 A
809 579 842 611 R
878 578 898 611 1
933 579 967 612 N
1005 579 1040 613 U
1078 579 1116 613 s.

339 640 454 686 Non
483 639 656 702 edepol
681 656 902 702 possum,
936 640 1220 703 priusquam
1246 651 1303 687 tu
1332 639 1394 687 ad
1417 657 1497 688 me

1197 713 1399 760 redieris.

582 791 613 823 E
651 790 686 824 U
724 789 755 823 T
793 790 828 822 Y
867 792 894 823 C
933 791 967 824 H
1006 791 1041 824 U
1081 790 1119 825 S.

207 853 378 901 Melius
405 867 543 897 sanus
575 851 645 896 sis.

598 937 625 969 c
662 937 697 969 Η
732 937 765 969 Α
800 938 834 971 Β
868 938 889 970 1
924 939 958 971 N
995 938 1031 971 U
1068 938 1106 972 s.

431 989 550 1037 Vale
569 1024 582 1046 ‚
611 999 660 1035 et
685 989 824 1036 vince
841 1024 854 1047 ,
887 1001 934 1036 et
958 1007 1206 1066 melserva.

582 1083 612 1115 E
650 1082 685 1115 U
722 1083 753 1115 T
789 1083 824 1116 Y
860 1084 887 1116 c
924 1084 959 1117 Η
994 1084 1030 1117 U
1068 1083 1106 1119 s.

1201 1134 1303 1199 Ego
1327 1134 1497 1182 fecero.

211 1201 362 1248 Domi
390 1211 585 1247 maneto
612 1217 704 1246 me.
1273 1206 1277 1214 “

592 1288 619 1319 c
656 1288 690 1320 H
728 1286 764 1319 A
798 1289 832 1322 R
867 1288 887 1320 1
923 1288 956 1320 N
994 1287 1030 1320 U
1068 1287 1107 1321 s.

426 1348 550 1410 Ergo
577 1355 794 1393 actutum
822 1347 921 1394 face
954 1364 1067 1394 curn
1093 1347 1267 1409 praeda
1292 1349 1500 1411 recipias.

500 1499 953 1556 ACTUS
1045 1500 1231 1558 III.

631 1625 965 1673 SCENA
1057 1625 1100 1671 Ι.

271 1761 840 1800 LYSIMACHUS,
903 1760 1448 1799 PASICOMPSA.

523 1879 1174 1915 LYSIMACHUS.

219 1936 370 2047 AM
384 2012 404 2045 1
419 2012 488 2045 (ΖΕ
536 1999 690 2044 amico
732 2013 926 2058 operam
969 1996 1105 2042 dedi:
1146 1997 1327 2045 vicinus
1362 1999 1500 2060 quod
1539 2026 1542 2027 ν

472 2071 653 2135 rogavit
668 2105 682 2128 ,

219 2146 331 2193 Hoc
345 2146 440 2193 emi
461 2144 841 2193 mercimonium.
859 2161 967 2191 mea
986 2161 1031 2191 es
1049 2154 1127 2191 tu:
1153 2160 1348 2206 sequere
1370 2162 1498 2194 sane:

220 2219 294 2267 Ne
325 2221 484 2281 plora:
526 2213 833 2264 nimis'stulte
861 2218 968 2265 facis
986 2253 1000 2276 ,
1033 2219 1196 2265 oculos
1226 2219 1501 2282 conrumpis

475 2294 600 2338 tales.

224 2365 395 2438 Quid?
421 2366 510 2413 ti-bi
530 2364 729 2427 quidem
751 2359 887 2424 qued
905 2363 1054 2411 rideas
1077 2363 1220 2428 magis
1240 2375 1332 2421 est,
1354 2379 1498 2424 quam

479 2450 536 2486 ut
561 2440 828 2485 lamentere.
