1618 2866
116 131 247 189 ffl78
412 135 706 191 ACTUS
755 147 855 195 IV.
906 150 1010 200 SC.
1066 158 1146 206 11.

40 275 42 277 .
114 232 496 290 Utdissimulat!

1315 182 1404 231 ¹95

571 334 615 366 M
651 334 688 368 U
721 336 752 369 L
788 338 811 372 1
843 339 874 372 E
909 342 958 376 R.

399 388 513 436 Non
544 404 682 453 potes
715 399 890 446 celare:
920 418 1029 451 rem
1056 412 1172 459 novi
1201 418 1366 480 probe.

464 491 493 524 P
531 493 561 526 Ε
597 495 632 529 Ν
667 495 689 528 1
724 498 752 531 c
790 499 826 532 U
861 502 894 536 Ι.
930 503 966 537 U
1001 506 1043 541 s.

111 543 291 604 Omnia
315 548 472 596 hercle
508 568 596 616 ego
628 555 844 606 edictavi.

408 641 1088 696 MENAECHMUS.

683 710 820 780 Quid
849 714 900 761 id
930 719 1031 765 est?

552 800 598 833 M
635 801 670 835 U
705 805 737 838 L
772 807 794 839 1
823 808 854 840 E
891 811 940 844 R.

868 871 1081 939 Quando
1108 880 1177 927 nil
1201 885 1388 949 pudet,

99 918 272 983 Neque
295 925 363 972 vis
386 937 467 975 tua
497 934 748 984 voluntate
778 940 877 1002 ipse
899 949 1112 1007 profiteri
1131 988 1148 1012 ‚
1173 959 1286 1004 audi
1317 974 1389 1009 at-

24 1057 29 1070 ·
98 1062 162 1110 Et
194 1066 315 1126 quid
342 1014 478 1116 ἔξω,
490 1003 597 1130 ῗάξῖ
612 1040 747 1139 'quid
780 1083 858 1131 hic
884 1089 1006 1137 mihi
1038 1094 1239 1161 dixerit,
1271 1103 1385 1153 faxo

95 1208 222 1257 Palla
238 1213 292 1260 ’st
317 1158 614 1269 ῐῐῑίἰέἰιεείοῐηο
636 1228 871 1294 subrepta.

384 1318 1065 1376 MENAECHMUS.

705 1390 832 1440 Palla
857 1398 1082 1463 subrepta
1100 1406 1155 1453 'st
1181 1411 1343 1461 mihi?

437 1472 467 1506 Ρ
501 1474 531 1507 Ε
569 1478 605 1511 Ν
639 1480 662 1513 1
699 1484 727 1516 c
765 1487 801 1519 U
835 1489 867 1521 1.
905 1492 941 1524 U
978 1493 1015 1527 S.

87 1522 258 1574 Viden‘
291 1531 364 1577 uti
399 1536 616 1586 scelestus
648 1550 829 1606 captat!
864 1551 979 1600 huic
1010 1557 1232 1624 subrepta
1272 1580 1372 1629 est,

334 1620 437 1651 non
465 1609 566 1656 tibi.

82 1667 207 1719 Nam
233 1675 451 1735 profecto
481 1682 571 1729 tibi
597 1686 820 1751 subrepta
844 1695 882 1740 si
913 1712 1058 1761 esset,

333 1750 468 1799 foret.

184 1865 186 1867 .
370 1845 1051 1902 ME-NAECHMUS.

80 1893 161 1945 Nil
182 1902 302 1949 mihi
327 1915 491 1955 tecum
509 1911 575 1956 ’st.
606 1914 688 1959 sed
716 1919 837 1977 quid
865 1933 922 1969 tu
943 1925 1040 1975 ais?

1085 1708 1208 1756 salva
1234 1727 1368 1762 nunc

512 2325 901 2370 MULIER.

365 2376 451 2425 Pol
477 2381 597 2432 istuc
625 2388 705 2436 ille
732 2393 842 2453 scit,
868 2399 955 2458 qui
983 2400 1115 2447 illam
1141 2404 1347 2456 abstulit.

1023 2473 1071 2519 N
1097 2489 1121 2523 2
