1618 2866
242 201 338 248 354
470 183 734 232 MILES
785 185 1302 238 GLORIOSUS.
1401 204 1538 248 v.77

240 309 537 358 Beneamet.

404 391 1393 428 PERIPLECTOMENES.

305 456 371 503 At
390 456 564 519 inperti
577 491 590 513 ,
610 455 760 501 amice
775 490 788 513 ,
806 471 912 512 me,
932 454 1070 516 quod
1090 467 1352 505 conmentu
1368 459 1415 504 ’s.

559 549 588 583 P
629 547 664 582 A
699 549 730 582 L
770 548 804 581 A
841 548 871 582 E
911 548 935 583 S
972 549 1003 582 T
1039 549 1074 583 R
1109 550 1131 583 Ι
1170 550 1222 584 0.

948 596 952 600 ”
1375 602 1526 652 Tace:

237 674 375 722 Dum
405 674 456 719 in
482 672 728 737 regionem
754 671 1033 718 astutiarum
1055 689 1274 722 mearum
1306 686 1356 723 te
1387 676 1535 723 indu-

491 762 575 804 co,
611 756 668 791 ut
694 744 804 790 scias

230 823 377 882 Juxta
401 836 597 867 mecum
626 835 734 864 mea
760 817 964 863 consilia.

400 903 1396 941 PERIPLECTOMENES.

902 955 1080 1010 ⁸Salva
1107 981 1262 1011 sumes
1295 965 1526 1013 indidem.

562 1048 1212 1084 PALAESTRIO.

235 1114 392 1160 Herus
410 1127 544 1158 meus
567 1109 808 1172 elephanti
834 1110 962 1156 corio
989 1100 1309 1157 circumtentu
1323 1110 1404 1169 ’st‚
1425 1125 1529 1156 non

495 1204 608 1234 suo:
1147 1242 1150 1244 ¹

235 1261 409 1322 Neque
444 1247 590 1305 hab'et
618 1259 726 1320 plus
756 1258 1035 1320 sapientiae,
1061 1274 1208 1319 quarn
1224 1259 1354 1320 lapis.

401 1351 1389 1386 PERIPLECTOMENES.

1035 1414 1241 1476 Egomet
1267 1413 1388 1462 istuc
1416 1416 1525 1464 scio.

554 1494 1202 1530 PALAESTRIO.

233 1560 378 1607 Nunc
415 1558 478 1604 sic
517 1557 751 1602 rationem
790 1556 1054 1617 incipissam
1075 1590 1089 1614 ‚
1133 1557 1197 1602 ita
1233 1558 1357 1603 hanc
1392 1558 1524 1603 insti-

491 1639 626 1675 tuam
657 1629 902 1686 astutiam,

231 1704 297 1751 Ut
325 1702 671 1749 Philocomasio
698 1704 819 1748 hanc
843 1719 1052 1749 sororem
1080 1703 1320 1768 geminam
1339 1719 1519 1767 germa-

491 1792 605 1821 nam
634 1777 826 1821 alteram

230 1848 401 1896 Dicam
436 1845 634 1892 Athenis
679 1847 919 1895 advenisse
953 1863 1067 1895 cum
1105 1859 1314 1896 amatore
1349 1851 1518 1913 aliquo

482 1937 567 1966 suo
588 1955 602 1978 ‚

227 1996 352 2043 Tam
378 1995 580 2041 similem
599 2030 613 2053 ,
643 2012 791 2057 quam
818 1998 938 2043 lacte
961 1996 1096 2044 lacti:
1128 2010 1176 2045 et
1205 1999 1334 2061 apud
1366 2010 1414 2046 te
1438 2015 1516 2047 eos

481 2068 559 2114 hic
591 2067 826 2115 devortier
1543 2068 1546 2070 ’

227 2141 398 2190 Dicam
425 2141 645 2202 hospitio.
833 2194 837 2201 ἱ
1379 2190 1387 2197 ,

388 2225 1380 2262 PERIPLECTOMEN'ES.

298 2287 434 2352 Euge
448 2321 462 2345 ‚
483 2302 628 2351 euge,
651 2285 822 2347 lepide.
849 2285 994 2331 laudo
1016 2297 1334 2333 conmentum
1352 2297 1508 2333 tuum.

549 2380 578 2412 P
618 2379 652 2411 A
689 2379 719 2412 Ι,
757 2379 791 2411 A
829 2380 858 2412 E
897 2379 917 2412 s
958 2380 988 2411 'r
1026 2381 1058 2412 R
1094 2379 1115 2411 1
1154 2379 1207 2413 ο.

223 2435 290 2486 Ut
314 2441 351 2489 si
381 2441 476 2489 illic
502 2439 865 2489 concriminatus
893 2441 950 2487 sit
978 2440 1233 2490 advorsum
1262 2438 1469 2494 Militem

1604 2387 1618 2672 j

1536 2705 1542 2715 “
1597 2673 1618 2866 Ι
