1618 2866
100 141 234 203 *36
361 133 653 186 ACTUS
706 133 829 180 111.
884 129 992 179 sc,
1035 129 1154 177 111.
1281 115 1382 189 4¹1

413 259 444 292 P
480 258 516 290 A
551 257 582 290 L
618 255 654 288 A
685 254 717 288 E
754 253 777 288 S
814 253 846 286 T
881 253 916 286 R
950 252 972 285 Ι
1010 251 1061 285 0.

103 319 347 392 Quasique
367 319 481 364 haec
509 334 578 363 res
599 333 685 379 per
706 331 785 362 me
809 314 1115 375 interpretem
1131 343 1148 370 ‚
1178 320 1227 357 et
1248 320 1386 358 tumn

354 392 571 438 ancillam
596 401 794 455 geratur.

322 478 1188 517 ACROTELEUTIUM.

100 549 268 610 Bonus*
292 559 418 595 vates
431 558 623 608 'poteras
651 561 767 592 esse:
802 560 914 590 narn
928 577 943 600 ,
969 558 1092 603 quae
1119 551 1230 588 sunt
1257 539 1386 601 futu«

356 636 430 676 ra,
464 619 590 664 dicis.

427 705 455 736 P
495 704 529 736 A
566 704 596 737 L
630 703 665 736 A
700 703 730 736 E
768 702 790 735 S
827 702 859 735 Τ
894 704 927 736 R
961 702 983 734 1
1021 699 1072 734 O.

100 766 342 836 Quasique
366 765 563 809 anulum
595 764 723 809 hunc
756 762 974 808 ancillula
1002 773 1083 807 tua
1108 759 1188 805 abs
1218 770 1267 804 te
1299 755 1380 803 dea

37 899 40 901 v
355 837 514 883 tulerit
541 838 602 883 ad
630 854 734 894 me,

98 911 264 983 Quem
291 929 379 977 ego
411 911 553 956 Militi
582 911 743 956 darem
773 910 865 955 tuis
891 909 1058 955 verbis.

311 999 1185 1039 ACROTELEUJIUM.

1073 1058 1196 1105 Vera
1222 1056 1350 1103 dicis.

258 1143 1238 1182 PERIPLECTOMENES.

94 1208 232 1280 Quid
262 1208 356 1255 istis
394 1225 526 1255 nunc
559 1207 829 1254 memoratis
860 1223 960 1268 opu
988 1207 1074 1262 ’,st
1108 1221 1230 1266 quae
1259 1219 1378 1251 con⁴

838 1278 1134 1324 meminere?

306 1365 343 1399 A
377 1367 404 1400 C
439 1367 472 1400 R
512 1365 543 1398 O
582 1365 614 1397 Τ
649 1364 680 1397 Ε
715 1366 746 1399 L
780 1365 826 1397 E
848 1365 883 1398 U
919 1365 951 1398 Τ
987 1366 1008 1398 1
1045 1364 1080 1397 U
1118 1366 1177 1400 M-

1132 1426 1311 1472 Meliu’
1314 1438 1368 1473 st.

91 1496 241 1556 Nam,
268 1497 337 1544 mi
356 1507 582 1558 patrone,
611 1497 706 1542 hoc
741 1498 969 1579 cogitato:
994 1498 1081 1544 ubi
1109 1498 1288 1558 probus
1305 1510 1374 1544 est

342 1570 644 1626 architectus,

88 1639 216 1690 Bene
246 1643 467 1688 lineatam
485 1643 521 1687 si
551 1643 695 1687 semel
725 1641 927 1687 carinam
954 1642 1220 1688 conlocavit
1238 1676 1253 1698 ‚

89 1715 241 1762 Facile
271 1731 365 1761 esse
396 1731 567 1760 navem
583 1713 760 1771 facere,
791 1713 874 1759 ubi
896 1712 1092 1760 fundata
1123 1725 1171 1759 et
1197 1713 1371 1760 consti-

340 1798 444 1832 tuta
476 1799 556 1833 est.

90 1858 239 1906 Nune·
266 1861 378 1906 haec
412 1861 563 1907 carIna
595 1862 698 1907 satis
738 1861 890 1922 probe
927 1860 1124 1907 fundata
1156 1872 1204 1906 et
1241 1859 1365 1906 bene

339 1945 508 1980 statuta
541 1947 620 1981 est.

92 2002 264 2050 Assunt
287 2005 407 2052 fabri
436 2009 772 2070 architectique
802 2026 829 2054 a
846 2026 924 2054 me
941 2043 955 2066 ‚
986 2025 1012 2054 a
1038 2019 1110 2064 te,
1140 2006 1271 2052 haud
1289 2007 1364 2051 in-⁴

345 2082 495 2141 periti.

90 2149 141 2197 Si
167 2164 269 2195 non
294 2156 679 2202 noe-materiarius
706 2167 990 2214 remoratur,
1015 2154 1152 2217 quod
1168 2171 1269 2216 opu
1285 2155 1367 2212 'st,
1399 2140 1407 2146 .

343 2226 430 2283 qui
458 2227 539 2273 det
553 2262 567 2284 ‚

93 2292 223 2341 Novi
262 2293 477 2342 indolem
523 2302 668 2348 nostri
711 2302 899 2367 ingeni3
939 2302 1035 2350 cito
1079 2302 1166 2347 erit
1207 2310 1363 2361 parata

340 2368 481 2414 navis.
