1618 2866
276 155 376 215 405
504 146 764 198 MILES
813 147 1330 198 GLORIOSUS.
1428 163 1566 215 233,

598 284 626 316 P
665 282 701 316 A
737 283 767 316 L
806 282 841 316 A
876 283 906 316 E
946 282 968 316 S
1007 282 1039 316 Τ
1074 284 1108 318 R
1141 285 1163 318 I
1197 286 1245 320 Ο.

280 347 394 394 Non
429 342 604 403 edepol
629 341 808 388 faciam.
847 357 931 406 age
957 343 1156 403 loquere
1185 342 1401 391 audacter
1429 345 1564 392 mihi.

739 434 771 467 1,
807 434 843 466 U
879 435 916 481 c(
941 434 975 469 R
1010 435 1030 468 1
1068 435 1115 469 0.

279 498 560 558 Numquam
586 495 757 556 edepol
774 495 873 558 yidi
891 513 1121 557 promere.
1140 511 1313 542 verum
1331 494 1425 543 hoc
1442 508 1563 544 erat:
1613 487 1617 492 ’

283 569 404 618 Mihi
430 567 719 630 imperabat,
756 582 843 632 ego
873 569 1154 630 promebam
1178 580 1352 631 postea.

600 661 1244 709 PALA·Es-TR1>0.

278 727 403 774 Hui!
440 726 737 772 illecebrose!
772 726 923 787 capite
949 726 1134 772 sistebas
1163 725 1376 772 cadum?

735 813 765 845 L
802 812 837 844 U
873 812 900 845 C
937 814 969 846 R
1008 814 1027 846 1
1064 813 1112 846 O.

276 874 391 919 Non
423 873 580 920 hercle
606 883 704 918 tam
733 873 849 920 istoc
876 873 1035 919 valide
1058 874 1272 920 casabant
1300 873 1415 918 cadi.

274 944 373 992 Sed
398 947 449 991 in
477 947 592 991 cella
623 956 691 990 est
725 946 924 1006 paulum
954 945 1094 991 nimis
1120 945 1267 990 loculi
1288 945 1489 1003 lubrici,

276 1020 355 1067 Ibi
385 1030 481 1066 erat
515 1018 695 1064 bilibris
723 1019 900 1079 aqualis
920 1054 934 1076 ‚
966 1019 1044 1065 hic
1071 1029 1265 1080 propter
1299 1019 1450 1066 cados.

277 1094 345 1141 Ea
377 1110 511 1155 saepe
543 1092 694 1138 decies
726 1093 1039 1155 conplebatur
1072 1092 1165 1138 die.

277 1166 397 1213 Eam
421 1168 615 1228 plenam
651 1177 795 1228 atque
832 1167 1023 1212 inanem
1052 1166 1151 1211 fieri
1182 1179 1455 1211 maxumam

275 1237 406 1287 Vidi.
437 1240 752 1286 bacchabatur
777 1239 940 1297 hama,
969 1240 1186 1286 casabant
1212 1239 1327 1286 cadi.

593 1326 621 1358 P
659 1326 694 1359 A
729 1326 759 1358 L
796 1326 830 1358 A
867 1326 897 1358 E
935 1325 956 1358 s
995 1326 1026 1358 Τ
1061 1327 1094 1360 R
1130 1327 1151 1359 1
1190 1326 1240 1359 ο.

274 1384 395 1442 Abi,
428 1384 505 1431 abi
532 1384 660 1430 intro
680 1385 794 1448 jam.
827 1400 914 1430 vos
939 1384 990 1430 in
1023 1386 1139 1431 cella
1168 1386 1343 1432 vinaria

273 1456 531 1504 Bacchanal
564 1455 735 1514 facitis,
768 1457 869 1520 jam
901 1455 1059 1503 hercle
1094 1473 1182 1521 ego
1213 1458 1383 1504 herum
1417 1457 1564 1503 addu-

533 1547 638 1577 cam
661 1548 688 1576 a
713 1531 834 1578 foro.
1553 1546 1559 1549 ·

731 1618 763 1651 L
799 1616 835 1650 U
868 1618 898 1651 c
935 1618 969 1651 R
1003 1616 1024 1649 1
1060 1617 1108 1651 o.
1555 1661 1561 1669 ,

273 1681 419 1727 Perii!
450 1679 733 1726 excruciabit
761 1696 840 1724 me
866 1679 1003 1725 herus
1020 1714 1034 1736 ‚
1066 1678 1269 1724 domum
1293 1677 1328 1722 si
1351 1673 1563 1731 venerit,

271 1754 443 1822 Quom
466 1754 580 1799 haec
610 1753 728 1798 facta
756 1752 894 1798 scibit
912 1786 926 1808 ,
957 1751 1069 1811 quia
1092 1751 1183 1797 sibi
1214 1767 1316 1796 non
1345 1748 1558 1795 dixerim.

271 1826 310 1872 F
312 1827 469 1890 ugiam
498 1827 653 1871 hercle
680 1825 869 1885 aliquo,
897 1836 1042 1885 atque
1068 1826 1159 1870 hoc
1187 1826 1239 1870 in
1259 1824 1388 1870 diem
1409 1822 1560 1869 extol-

524 1898 620 1942 lam
652 1897 846 1941 malum.

269 1971 345 2018 Ne
376 1971 612 2028 dixeritis,
643 1970 867 2025 obsecro,
899 1967 1036 2025 huic,
1073 1980 1277 2015 vostram
1302 1967 1466 2015 fidem.

581 2058 609 2090 P
649 2055 684 2089 A
719 2055 749 2088 L
787 2054 822 2087 A
858 2054 889 2087 E
927 2054 949 2088 S
987 2053 1019 2086 T
1053 2055 1088 2089 R
1122 2055 1142 2087 I
1179 2055 1227 2089 Ο.

271 2119 390 2188 Quo
420 2128 474 2163 tu
499 2116 627 2182 agis?

723 2196 754 2229 L
791 2194 827 2228 U
862 2195 889 2227 c
929 2195 961 2228 R
997 2195 1018 2227 1
1057 2196 1107 2229 o.

603 2255 766 2302 Missus
791 2272 897 2302 sum
921 2255 1042 2301 alio:
1066 2255 1167 2318 jam
1187 2254 1283 2300 huc
1309 2267 1552 2304 revenere.

584 2341 612 2374 P
649 2341 684 2376 A
717 2341 749 2375 L
784 2341 820 2375 A
854 2340 884 2373 Ε
922 2341 945 2374 S
984 2340 1016 2372 T
1052 2341 1085 2374 R
1120 2341 1141 2373 Ι
1174 2341 1225 2374 0.

267 2399 389 2468 Quis
417 2399 544 2447 misit
558 2399 583 2446 ·?
