1618 2866
70 174 207 227 mm
385 168 677 219 ACTus
727 169 767 216 1.
817 167 923 216 sc
965 165 1043 215 11.
1251 182 1347 230 ψ

71 281 266 330 Domin’
290 296 351 328 an
373 281 482 329 foris
508 282 662 330 dicam
687 297 779 328 esse
802 281 972 328 herum
990 280 1282 328 Charinum?

460 385 489 417 C
525 384 559 418 H
595 385 630 418 A
666 385 699 418 R
732 383 755 416 I
788 383 822 415 N
859 380 895 413 U
931 381 970 416 S.

826 442 928 506 Ego
958 442 1104 488 animi
1131 439 1352 502 pendeo,

73 516 211 588 Quid
237 514 359 563 illud
392 515 450 560 sit
483 514 674 579 negoti:
717 515 854 562 lubet
878 516 990 561 scire
1021 531 1081 562 ex
1109 515 1203 561 hoc
1234 529 1312 559 me
1334 546 1353 571 ‚

315 601 383 637 -ut
411 606 499 635 sun
521 599 702 635 cernor.

441 693 478 728 A
511 693 539 725 c
574 692 610 725 A
644 693 677 726 N
716 692 748 725 'r
784 692 818 725 Η
853 693 874 725 1
909 692 958 726 o.

76 763 140 811 At
181 764 321 811 etiam
361 761 500 810 asto?
547 771 597 808 at
636 761 778 807 etiam
817 777 942 808 cesso
981 761 1164 808 foribus
1199 757 1348 805 facere

323 835 451 881 hisce
480 833 675 880 assulas?

63 908 268 972 *Aperite
298 909 478 970 aliquis,
513 908 600 954 ubi
620 908 847 954 Charinus
871 908 1043 954 herus?
1073 906 1253 954 domin’
1283 917 1351 953 est

329 999 391 1029 an
421 982 565 1028 foris?

74 1055 208 1104 Num
238 1055 494 1118 quisquam
525 1053 653 1100 adire
693 1052 757 1099 ad
792 1054 967 1101 ostiuni
1003 1052 1207 1117 dignum
1234 1051 1355 1098 arbi-

974 1126 1161 1174 tratur?

468 1215 495 1248 c
531 1213 567 1248 11
601 1213 637 1247 A
672 1214 706 1248 R
740 1213 762 1246 1
798 1214 834 1247 N
870 1212 906 1246 U
941 1212 981 1248 s.

243 1327 246 1330 ἢ
1091 1265 1213 1311 Ecce
1239 1279 1355 1322 me,-

83 1331 315 1380 Acanthio
329 1365 344 1390 ,
375 1347 525 1394 quem
555 1331 750 1393 quaeris.
1156 1374 1176 1376 u

445 1429 482 1462 A
517 1429 544 1461 c
579 1428 614 1461 A
648 1429 683 1462 N
717 1428 749 1461 Τ
783 1428 819 1461 Η
854 1428 875 1461 1
914 1428 965 1462 o.

482 1497 733 1558 Nusquam
762 1509 829 1543 est
857 1496 1100 1558 disciplina
1124 1495 1349 1560 ignaviox.

465 1598 493 1630 c
528 1597 563 1630 Η
597 1598 632 1630 A
667 1597 701 1630 R
735 1598 757 1631 1
790 1599 825 1632 Ν
860 1599 896 1632 U
931 1598 972 1632 s.

81 1665 222 1735 Quae
251 1674 301 1716 te
330 1680 400 1712 res
425 1665 549 1709 male
576 1663 788 1728 agitant?

456 1762 491 1794 A
525 1762 553 1794 c
588 1762 623 1794 A
659 1761 693 1794 N
729 1762 760 1794 T
795 1762 831 1795 H
864 1762 886 1795 1
924 1761 975 1795 o.

367 1822 575 1878 Multae,
601 1823 739 1879 here,
764 1832 813 1868 te
833 1832 978 1882 atque
1001 1835 1094 1866 me.

464 1919 493 1952 G
528 1917 564 1950 H
600 1917 635 1950 A
672 1917 706 1950 R
739 1918 762 1950 1
795 1919 829 1951 N
869 1918 904 1951 U
944 1917 982 1951 S.

817 1995 822 1998 ·
887 1974 1026 2046 Quid
1058 1984 1125 2021 est
1156 1970 1354 2037 negoti?

452 2060 488 2095 A
522 2062 549 2094 C
585 2061 619 2094 A
656 2062 692 2095 N
727 2060 760 2094 T
794 2060 830 2094 H
863 2061 885 2094 1
921 2061 969 2095 O.
1367 2054 1370 2055 ⁷

86 2109 332 2158 PeriimuS.'

468 2191 495 2223 c
530 2191 565 2225 n
601 2191 636 2224 A
671 2192 706 2225 R
739 2190 762 2223 1
797 2191 833 2224 N
869 2188 905 2222 U
941 2188 980 2224 s.

234 2247 521 2311 Ptincipium
548 2252 747 2298 inimicis
777 2251 903 2297 dato.

452 2346 489 2380 A
526 2348 553 2380 C
590 2349 624 2382 A
660 2350 695 2383 N
731 2349 763 2382 Τ
797 2349 833 2382 H
868 2343 889 2381 Ῐ
928 2349 976 2381 0.

700 2406 765 2454 At
792 2408 882 2454 tibi
906 2406 1069 2453 sortito
1095 2403 1146 2449 id
1173 2402 1354 2466 obtigit,
