1618 2866
65 195 232 263 καθ’
380 204 670 256 ACTUS
718 206 755 252 1.
804 203 911 253 sc.
961 205 1002 250 ι.
1242 203 1344 276 5⁶2

392 328 416 361 S
453 328 488 361 A
525 327 558 361 G
592 327 627 360 A
662 328 697 361 R
728 326 750 359 1
784 325 808 358 S
843 324 875 358 T
911 324 932 357 1
966 323 1014 356 Ο.

767 385 875 446 jam
902 382 1020 430 servi
1047 379 1123 427 hic
1150 379 1343 427 amant?

489 487 521 520 ‘r
556 486 590 520 o
625 485 662 519 Χ
695 485 716 518 1
752 485 783 518 1.
818 485 854 518 U
888 484 922 517 s.

75 561 213 633 Quid
245 573 356 624 ergo
389 556 586 604 faciam?
616 555 779 602 Diisne
807 553 1062 600 advorser?
1098 553 1228 614 quasi
1259 552 1347 608 Ti-⁴

163 636 172 644 '
335 633 436 680 tani.
457 647 571 677 cum
593 629 694 676 Diis
724 629 999 693 beffigerem
1016 661 1034 685 ‚

78 708 273 780 Quibus
296 717 364 754 sat
393 721 485 752 esse
516 718 615 750 non
646 701 856 764 queam?

398 805 421 838 s
455 804 491 838 A
526 804 559 838 G
594 803 629 836 A
662 804 697 837 R
731 803 752 836 1
787 802 811 836 s
847 803 878 835 Τ
913 802 935 835 1
970 801 1017 834 ο.

82 874 207 923 Vide
233 872 385 921 modo
401 906 417 929 ,
444 872 629 917 ulmeae
660 872 918 933 catapultae
948 883 1090 916 tuum
1123 884 1184 916 ne
1210 871 1356 916 transi

334 945 479 1009 figant
506 944 635 989 latus.

503 1034 534 1067 T
571 1034 604 1067 o
639 1032 676 1066 Χ
710 1032 731 1065 1
766 1031 797 1065 1.
831 1029 868 1064 U
902 1031 939 1064 s.

84 1098 273 1146 Basilice
303 1097 428 1160 agito
461 1093 727 1145 eleutheria.
902 1142 908 1149 ‚

412 1191 435 1224 s
470 1193 506 1225 A
543 1192 576 1226 G
611 1193 646 1226 A
680 1192 715 1225 R
750 1192 772 1226 1
805 1190 830 1226 s
864 1192 897 1226 Τ
931 1192 952 1224 1
987 1192 1037 1226 ο.

740 1252 876 1322 Quid
903 1252 1043 1316 jam?

506 1356 538 1388 Τ
574 1355 607 1389 ο
647 1355 684 1388 Χ
718 1355 739 1388 1
773 1354 805 1388 Ι.
842 1354 876 1392 u
912 1354 948 1387 s.

91 1417 220 1487 Quia
245 1417 385 1464 herus
407 1433 601 1481 peregre
617 1418 682 1462 ἐπ.
757 1439 762 1449 ·

412 1514 435 1548 S
469 1514 505 1548 A
541 1513 575 1547 G
609 1513 645 1546 A
677 1514 712 1547 R
748 1512 768 1545 1
804 1511 826 1545 S
860 1512 893 1545 Τ
925 1512 948 1545 1
983 1513 1028 1545 Ο.
1226 1522 1230 1526 ·

736 1573 841 1618 Ain’
865 1584 919 1618 tu
933 1589 1163 1638 ‚peregre
1182 1575 1268 1621 ’sti'

513 1672 546 1704 ’r
584 1672 615 1704 o
654 1671 691 1705 x
725 1672 746 1704 1
781 1671 812 1703 1.
848 1670 883 1703 u
919 1670 954 1703 s.

94 1738 144 1788 Si
159 1750 261 1786 tute
282 1740 367 1786 tibi
392 1739 516 1785 bene
535 1756 628 1786 esse
645 1752 779 1802 potes
802 1740 925 1802 pati,
954 1739 1089 1791 νεώς
1114 1739 1240 1787 vives
1263 1756 1366 1788 me-

347 1828 459 1858 cum
476 1847 491 1870 ‚

98 1883 290 1934 Basilice
312 1886 535 1947 accipiere
566 1886 705 1933 victu.

420 1982 443 2016 S
478 1983 513 2017 A
549 1984 582 2018 G
619 1984 653 2017 A
689 1986 723 2019 R
758 1985 778 2018 Ι
812 1983 834 2018 S
872 1985 904 2018 Τ
938 1983 961 2016 1
996 1983 1042 2016 Ο.

591 2043 718 2089 Vah!
748 2045 849 2108 jam
882 2044 1092 2103 scapulae
1121 2042 1371 2102 pruriunt,

106 2111 232 2181 Quia
259 2123 308 2158 te
334 2115 468 2161 istaec
501 2115 663 2161 audivi
693 2116 840 2176 loqui.

522 2214 553 2246 τ
592 2214 624 2246 o
663 2214 700 2246 x
735 2213 756 2245 1
793 2213 823 2246 Ι,
860 2212 895 2244 U
931 2211 966 2244 s.

610 2280 706 2329 Sed
732 2281 823 2328 hoc
845 2297 924 2326 me
949 2297 1102 2327 unum
1129 2279 1378 2327 excruciat.'

431 2375 1053 2412 SAGARISTIO.

112 2434 578 2506 Quidnamidesc?
