1618 2866
32 171 166 223 v-1ff
295 164 568 216 ACTUS
617 163 718 212 IV.
772 163 876 213 SC.
929 160 1049 213 111.
1217 180 1311 228 541

549 285 571 318 S
607 285 628 317 Ι
663 285 706 318 Μ
745 285 796 319 O.

908 334 1151 383 Maxume·

334 428 1046 464 THEUROPIDES.

41 502 194 549 Minas
219 500 524 564 quadraginta
553 499 769 561 accepisti
788 531 803 556 ‚
836 514 951 558 quas
976 498 1149 558 sciam,

38 572 83 621 A
110 571 439 619 Philolachete.

555 646 579 681 s
614 647 636 681 1
671 647 713 680 M
753 646 803 679 ο.

377 717 657 778 Numquam
683 731 967 775 nummum,
997 716 1134 778 quod
1160 717 1320 766 sciam.-

332 815 1049 851 THEUROPIDES·

46 876 206 947 Quid,
231 893 259 923 a
277 875 517 923 Tranione
549 892 680 922 servo
696 875 720 920 Ρ

562 970 586 1004 S
621 970 643 1002 I
680 970 725 1004 M
760 969 809 1003 Ο.
949 999 955 1002 .

748 1029 908 1076 Multo
939 1029 992 1074 id
1023 1030 1192 1077 minus.

342 1120 1054 1157 THEUROPIDES.

54 1179 185 1250 Quas
215 1179 463 1226 arrhaboni
494 1180 584 1226 tibi
614 1180 778 1226 dedit?

566 1278 810 1314 SIMO.

800 1338 1199 1408 Quidsomnias?

346 1428 1057 1464 THEUROPIDES.

59 1495 256 1558 Egone?
280 1506 328 1541 at
354 1497 552 1557 quidem
575 1509 656 1555 tu,
681 1498 767 1559 qui
791 1498 909 1543 istoc
932 1510 981 1544 te
1006 1514 1155 1559 speras
1176 1499 1330 1547 modo

23 1585 36 1598 ·
57 1567 242 1615 Potesse
268 1568 602 1616 dissimulando
631 1571 862 1617 infectum
883 1571 975 1617 hoc
1001 1572 1212 1619 reddere.

576 1667 600 1702 s
631 1668 654 1701 1
689 1669 732 1702 M
770 1669 820 1701 o.

63 1721 198 1790 Quid
225 1721 417 1767 autem?

352 1810 1067 1846 THEUROPIDES.

409 1878 561 1948 Quod
589 1893 669 1923 me
699 1877 891 1923 absente
920 1888 1083 1924 tecum
1110 1878 1186 1924 hic
1213 1879 1335 1926 filius

67 1947 239 2014 Negoti
268 1951 415 2015 gessit.

580 2027 604 2060 s
639 2028 661 2060 1
697 2028 740 2060 M
778 2027 827 2060 o.

453 2087 647 2135 Mecum
677 2099 733 2133 ut
766 2088 845 2142 ille
875 2087 951 2131 hic
979 2087 1192 2148 gesserit,

74 2154 211 2203 Dum
240 2166 297 2203 tu
310 2158 431 2204 hinc
458 2160 566 2206 abes
588 2193 602 2217 ‚
632 2159 794 2222 negoti
825 2157 1130 2219 quidquam?
1154 2170 1203 2206 at
1239 2174 1342 2221 quo

333 2228 408 2274 die
423 2230 447 2275 ?
1216 2231 1223 2238 '

0 2123 3 2154 k

367 2321 1071 2359 THEUROPID-Es.

77 2387 232 2438 Minas
255 2386 343 2434 tibi
374 2371 612 2452 octeginta
637 2390 816 2454 argenti
843 2388 1012 2436 debe0.

975 2462 1092 2508 Mm
1126 2473 1154 2509 2
