1618 2866
275 203 338 239 ρο
633 184 1198 236 CURCULIO.
1426 206 1557 253 v.14

629 308 1206 346 PALINURUS.

274 386 409 448 Ipsus
437 402 483 432 se
519 386 754 432 excruciat
769 419 783 442 ‚
817 385 903 446 qui
937 386 1087 433 homo
1121 381 1259 448 quod
1293 400 1418 436 amat
1435 423 1450 448 ,
1484 391 1556 438 vi-

532 459 614 505 det
632 493 644 516 ‚
669 475 758 505 nec
785 459 971 521 potitur
998 459 1119 506 dum
1142 460 1266 507 licet.

582 542 1277 597 PHAEDROMUS.'

269 633 416 683 Recte
445 633 684 698 objurgas:
714 647 821 676 sane
849 631 980 677 haud
1003 631 1274 694 quidquam
1297 632 1378 692 ’st,
1409 633 1554 698 magis

533 704 670 767 quod
700 705 890 765 cupiam
915 703 1117 768 jamdiu.

623 805 651 838 P
691 805 722 838 L
757 805 791 837 A
827 804 862 837 N
896 805 926 837 E
964 804 986 838 s
1022 806 1043 837 1
1081 804 1117 838 U
1151 803 1210 840 Μ.

269 876 405 923 Tene
430 889 510 921 me
525 908 539 932 ,
566 875 850 936 amplectere
874 870 998 938 er'go.

547 960 1254 1010 'PHAEDRoMUs,

431 1043 540 1088 Hoc
568 1042 710 1086 etiarn
727 1042 781 1086 ’st
794 1076 808 1099 ‚
833 1042 1152 1102 quamobrem
1173 1044 1363 1105 cupiam
1380 1044 1551 1094 vivere.

271 1116 400 1185 Quia
421 1126 468 1161 te
493 1113 719 1177 prohibet
739 1114 878 1159 herus
892 1149 905 1171 ,
926 1116 1047 1161 clam
1065 1116 1180 1162 hero
1201 1116 1373 1178 potior.

616 1207 1212 1251 PLANEsrum.

740 1285 994 1344 Prohibet,
1019 1304 1110 1334 nec
1136 1288 1391 1350 prohibere
1413 1291 1520 1352 quit
1537 1325 1552 1350 ,

270 1362 372 1411 Nec
401 1357 678 1423 prohibebit
695 1392 708 1415 ‚
745 1358 832 1404 nisi
868 1375 993 1405 mors
1028 1377 1196 1408 meum
1229 1363 1444 1411 animum
1473 1365 1554 1412 abs

522 1444 570 1480 te
594 1430 941 1480 abalienaverit.
1373 1455 1375 1457 ·

525 1566 555 1595 ο
621 1536 1206 1572 PALINURUS.

268 1610 527 1660 Enimvero
555 1623 750 1669 nequeo
779 1606 973 1665 durare,
1003 1607 1126 1668 quin
1160 1624 1248 1672 ego
1280 1608 1452 1656 herum
1476 1626 1552 1656 ac-

532 1696 692 1726 cusem
726 1697 923 1726 meum:

268 1755 394 1803 Nam
423 1754 611 1800 bonurn
631 1753 711 1809 'st‚
731 1753 1002 1813 pauxillum
1023 1770 1177 1801 amare
1209 1770 1335 1806 sane;
1361 1754 1550 1814 insane,

522 1842 623 1871 non
645 1825 834 1872 bonum
851 1827 931 1872 'st:
1386 1848 1390 1851 ⁴

267 1899 454 1950 »Verum
483 1910 647 1946 totum
682 1899 899 1946 insanum
933 1915 1087 1948 amare
1106 1935 1120 1959 ,
1150 1902 1244 1948 hoc
1281 1898 1378 1958 est,
1413 1893 1550 1962 quod

531 1988 666 2018 meus
695 1972 834 2018 herus
863 1970 984 2018 facit.

577 2071 1254 2107 PHAEDROMUS.
1314 2073 1385 2082 ··

265 2138 366 2190 Sibi
385 2156 466 2187 sua
486 2140 691 2186 habeant
709 2157 853 2205 regna
870 2155 996 2206 reges
1010 2177 1022 2199 ‚
1043 2142 1129 2188 sibi
1149 2141 1330 2187 divitias
1350 2139 1543 2188 divites:

266 2214 370 2264 Sibi
413 2215 647 2270 honores,
688 2213 775 2259 sibi
821 2215 1043 2273 virtutes,
1081 2214 1168 2261 sibi
1204 2231 1385 2280 pugnas
1406 2250 1420 2274 ‚
1458 2215 1547 2262 sibi

524 2288 732 2349 proelia:
1393 2303 1409 2307 ²

266 2360 405 2412 Dum
433 2362 502 2409 mi
538 2360 798 2406 abstineant
836 2360 1073 2418 invidere,
1105 2361 1193 2408 sibi
1227 2361 1432 2424 quisque
1462 2361 1546 2408 ha·-

525 2434 669 2484 beant
694 2434 831 2498 quod
853 2452 994 2483 suurn
1017 2435 1082 2482 ’st.
