1618 2866
236 195 334 245 502
465 179 1266 236 MOSTELLAR1A0
1392 198 1523 252 ψη.

693 303 1079 341 TRANIO.

1108 366 1239 414 Vah!

530 437 1254 491 THEUROPIDES.

1258 504 1519 576 Quidest?

691 582 724 615 Τ
761 583 795 616 R
829 581 865 616 A
899 583 934 618 N
969 584 990 616 1
1030 584 1077 618 ο.

238 642 362 690 Male
389 642 544 690 hercle
577 641 770 689 facturn.
1186 696 1190 699 ἢ

528 728 1248 766 THEUROPIDES.

770 789 910 859 Quid
937 802 1004 836 est
1028 792 1223 855 negoti?

689 874 722 908 Τ
757 875 792 910 R
828 875 863 908 A
899 876 932 909 N
967 875 988 908 I
1026 876 1074 911 O.

1213 928 1327 975 Non
1360 940 1519 991 potest

230 995 369 1056 Dici,
399 1015 547 1060 quam
575 998 829 1064 indignum
863 999 1039 1048 facinus
1069 999 1217 1048 fecisti
1245 1012 1292 1048 et
1319 1003 1514 1049 malum.

527 1086 558 1119 Τ
593 1087 630 1120 Η
663 1087 694 1119 Ε
730 1086 767 1120 U
802 1088 837 1121 R
871 1088 905 1121 o
944 1088 973 1121 P
1008 1088 1029 1120 1
1065 1089 1101 1122 D
1135 1088 1166 1121 Ε
1202 1088 1241 1122 s.

229 1145 387 1216 Quid‘
393 1145 527 1210 jam?

688 1224 720 1258 Τ
755 1225 789 1257 R
825 1224 860 1258 A
899 1225 933 1258 N
967 1225 988 1258 1
1029 1225 1076 1259 O.

413 1284 544 1350 Fuge
561 1319 575 1342 ‚
604 1284 825 1343 obsecro,
851 1298 998 1347 atque
1015 1286 1211 1333 abscede
1233 1287 1292 1333 ab
1309 1285 1515 1333 aedibus.

231 1354 362 1421 Fuge
387 1357 513 1415 huc,
546 1354 657 1420 fuge
675 1356 735 1402 ad
754 1374 832 1402 me
849 1359 1058 1419 propius.
1086 1359 1322 1424 tetigistin’
1339 1358 1483 1405 foris?

523 1443 1244 1479 THEUROPIDES.

231 1503 507 1572 Quomodo
534 1505 721 1568 pultare
753 1505 924 1566 potui,
953 1506 988 1551 si
1014 1522 1116 1552 non
1144 1506 1424 1572 tangerem?

689 1590 721 1624 T
757 1588 791 1624 R
827 1588 871 1624 A'
898 1591 933 1624 N
971 1591 991 1623 1
1031 1589 1083 1626 O·

232 1641 461 1690 Occidisti
479 1676 494 1702 ‚
514 1643 684 1690 hercle.

522 1728 1238 1764 THEUROPIDES.

702 1791 871 1860 Quem
897 1790 1180 1837 mortalem?

689 1874 721 1908 ‘r
757 1876 790 1908 R
831 1875 864 1908 A
902 1876 935 1909 N
975 1876 996 1908 1
1036 1874 1083 1908 0.

1187 1925 1358 1972 Omnis
1384 1935 1507 1971 tuos.

523 2008 1243 2045 THEUROPIDES.

231 2071 315 2120 Dii
342 2082 392 2119 te
419 2071 653 2134 Deaeque
676 2087 840 2118 omnes
862 2070 1013 2118 faxint
1039 2089 1150 2119 cum
1173 2072 1261 2119 isto
1285 2071 1473 2118 omine!

681 2158 717 2202 *T
752 2158 786 2194 R
821 2156 855 2189 A
890 2157 924 2189 Ν
958 2157 979 2189 1
1017 2157 1069 2191 ο.

226 2217 422 2275 Metuo,
455 2228 503 2264 te
529 2230 674 2279 atque
708 2218 818 2264 istos
850 2218 1035 2279 expiare
1061 2230 1116 2265 ut
1143 2218 1325 2281 possies.

520 2301 1234 2336 THEUROPIDES.
1381 2335 1383 2337 .

228 2360 594 2431 Quamobrem?
615 2373 696 2409 aut
722 2378 868 2423 quam
886 2363 1044 2411 subito
1065 2380 1167 2410 rem
1191 2362 1312 2409 mihi
1332 2375 1503 2424 appor-

477 2447 544 2483 tas
581 2436 793 2488 novam?
