1618 2866
259 153 354 202 432
495 137 748 185 MILES
796 139 1289 191 GLoRlosus.
1420 158 1551 210 van

456 257 1367 296 PYRGOPOLINICEs.

258 319 392 364 Itane
426 316 479 363 tu
516 319 712 365 censes?

566 406 596 438 P
637 406 672 438 A
707 406 738 439 Ι,
776 406 810 439 A
845 407 876 439 E
915 405 937 440 s
977 407 1008 439 T
1046 408 1080 441 R
1116 408 1137 441 1
1174 408 1224 442 o.

714 467 849 537 Quid
878 483 966 532 ego
995 467 1047 513 ni
1073 467 1138 515 ita
1171 485 1387 517 censeam
1397 471 1426 527 Ξ),
1454 497 1459 503 ·

451 549 1372 590 PYRGOPOLINICES.

257 610 350 658 Ibo
377 610 520 675 igitur
547 612 689 658 intro.
725 625 781 659 tu
807 613 884 659 hic
913 625 1023 659 ante
1056 614 1180 661 aedis
1207 615 1400 662 interim

258 683 508 745 Speculare
523 719 539 743 ,
565 696 646 742 ut,
676 685 762 731 ubi
789 686 923 732 illaec
949 687 1284 748 prodeat‚—me
1307 703 1549 751 provoces-

571 778 599 810 P
637 777 671 810 A
709 778 740 811 L
776 777 812 812 A
846 778 877 812 E
916 778 938 812 8
977 779 1008 812 T
1045 780 1078 813 R
1114 780 1136 813 1
1174 780 1224 814 ο.

254 841 335 888 Tu
361 840 511 887 modo
539 839 660 885 istuc
685 856 794 885 cura
814 874 829 897 ‚
864 839 1003 901 quod
1030 841 1167 906 agis..>

449 926 1361 963 PYRGOPOLINICES.

931 987 1169 1035 Curatum·
1188 988 1240 1035 id
1267 988 1468 1051 quidem
1482 984 1553 1037 'st.

257 1061 398 1130 Quin
427 1061 464 1108 si
491 1062 742 1108 voluntate
771 1062 935 1118 nolet,
965 1061 1014 1108 vi
1047 1062 1299 1109 extrudam
1324 1063 1448 1111 foris.

585 1147 1246 1189 PALAE‘STRTO.

256 1210 382 1256 Istuc
410 1226 521 1256 cave
556 1209 697 1256 faxis:
732 1210 852 1271 quin
880 1210 1040 1271 potius
1073 1227 1159 1272 per
1183 1212 1378 1278 gratiam

251 1283 439 1330 Bonam
473 1285 610 1331 abeat
640 1284 721 1330 abs
762 1296 843 1330 te:
882 1296 1027 1346 atque
1062 1285 1231 1345 illaec,
1271 1302 1399 1348 quae
1419 1283 1548 1344 dixi,

514 1357 640 1404 dato.

251 1429 456 1488 Aurum,
475 1441 867 1492 ornamentaque,
887 1447 1011 1492 quae
1031 1432 1100 1477 illi
1117 1432 1393 1491 instruxisti,
1412 1432 1542 1481 ferat.

453 1524 1359 1562 PYRGOPOLLNICES.

257 1584 415 1648 Cupio
445 1585 615 1632 hercle.

585 1672 1236 1707 PALAESTRIO.

635 1733 791 1780 Credo
827 1746 875 1779 te
905 1733 1038 1780 facile
1066 1734 1382 1795 inpetrassere.

254 1803 351 1852 Sed
368 1804 447 1850 abi
469 1805 611 1850 intro.
642 1807 744 1851 noli
767 1818 898 1852 stare.
1316 1845 1343 1881 α

451 1889 1365 1925 PYRGOPOLINICES.

922 1951 1037 1996 Tibi
1069 1967 1175 1996 sum
1214 1949 1456 1996 obediens.

583 2037 613 2069 Ρ
653 2035 687 2068 A
722 2036 753 2068 L
789 2037 824 2069 A
860 2038 890 2070 E
929 2037 950 2070 8
990 2038 1021 2070 T
1057 2039 1091 2072 R
1127 2038 1147 2070 1
1186 2038 1234 2070 o.

252 2098 509 2160 Numquid
539 2099 729 2144 videtur
762 2098 1036 2156 demutare,
1072 2109 1218 2159 atque
1246 2098 1318 2143 uti
1359 2113 1448 2161 ego

253 2172 371 2219 Dixi
385 2189 480 2234 esse
502 2170 638 2217 vobis
665 2170 854 2216 dudum
875 2171 1006 2217 hunc
1029 2171 1290 2216 moechum
1307 2168 1545 2216 Militem?

255 2246 400 2292 Nunc
433 2245 493 2291 ad
521 2262 599 2290 me
627 2255 681 2290 ut
705 2246 888 2302 veniat,
919 2246 1016 2291 usu'
1045 2257 1111 2302 st,
1143 2243 1543 2298 Acroteleutium,
1598 2284 1600 2286 .

255 2318 492 2365 Ancillula
518 2319 641 2382 ejus,
677 2329 723 2364 et
746 2318 995 2364 Pleusides.
1026 2319 1149 2381 proh
1169 2316 1414 2379 Juppiter',

256 2391 398 2439 Satin’
422 2404 477 2439 ut
501 2392 814 2439 commoditas
844 2408 1193 2455 usquequaque
1220 2408 1300 2439 me
1328 2387 1540 2454 adjuvat!

772 2558 814 2579 s
