1618 2866
76 198 124 230 v.
167 197 222 243 75
356 179 648 230 ACTUS
700 182 819 228 III.
869 180 972 229 SC.
1028 182 1128 230 IV.
1274 193 1365 233 121

79 284 443 347 Stratippoclem
464 284 626 331 audivi
650 283 898 345 Periphani
929 284 1084 331 filium

78 357 340 405 Absentem
370 358 596 404 curavisse
611 392 625 414 ‚
651 368 708 403 ut
737 357 870 403 fieret
896 358 1060 410 libera.

396 454 426 487 P
463 455 494 487 E
531 456 565 488 R
599 455 621 486 Ι
656 454 684 486 Ρ
721 453 756 487 11
791 453 826 486 A
862 454 897 487 N
933 453 963 485 E
1002 453 1041 486 S.

78 513 204 575 Perii
224 514 404 560 hercle!
441 515 477 560 si
507 515 645 561 istaec
676 531 786 560 vera
815 525 926 560 sunt
941 547 955 571 ‚
983 514 1270 575 planissume

78 587 248 632 Meum
278 589 567 634 exenteravit
590 588 814 649 Epidicus
842 587 1150 649 marsupium.

468 687 499 719 Ρ
534 686 556 719 1
590 687 626 720 D
662 687 683 719 1
722 687 749 719 c
784 686 806 719 1
838 686 873 719 N
908 685 957 718 Α.

78 743 211 791 Haec
235 745 299 791 sic
327 744 509 792 audivi:
543 747 789 808 numquid
817 763 897 793 me
929 746 998 793 vis
1025 747 1271 794 ceterum?

397 839 1043 881 PE'RIPHANES.

50 970 53 971 ⁷
78 903 207 952 Malo
236 904 447 953 cruciatu
470 918 526 953 ut
547 924 733 969 pereas,
761 919 908 969 atque
932 908 1068 954 abeas
1097 906 1207 953 cito.

464 1009 494 1041 F
530 1008 550 1041 1
586 1011 622 1042 D
656 1010 678 1042 1
714 1011 741 1043 c
776 1010 798 1042 1
834 1011 869 1043 N
906 1009 956 1042 A.

77 1062 215 1110 Fides
236 1081 339 1112 non
360 1066 549 1112 reddis?
892 1120 901 1122 ,
939 1127 949 1130 -

386 1161 417 1193 Ρ
451 1161 483 1193 Ε
519 1161 554 1193 R
588 1161 610 1193 1
646 1161 676 1193 P
712 1159 748 1192 Η
783 1158 819 1192 Α
854 1161 887 1192 N
924 1160 955 1192 Ε
995 1160 1035 1194 s.

580 1219 754 1280 Neque
776 1218 918 1276 fides,
951 1236 1115 1280 neque
1145 1221 1294 1269 tibias.

78 1293 282 1355 Propera
304 1293 448 1357 igitur
467 1292 631 1357 fugere
655 1292 769 1336 hinc
783 1325 799 1349 ‚
816 1293 853 1337 si
876 1303 925 1338 te
940 1292 1021 1338 Dii
1038 1305 1213 1341 amant.

466 1398 497 1430 F
534 1397 556 1428 1
589 1397 626 1429 D
659 1394 682 1429 1
717 1394 745 1426 C
780 1393 802 1426 1
837 1395 871 1427 N
905 1393 955 1427 A.

77 1522 274 1586 Flagitio
303 1539 413 1569 cum
436 1522 614 1586 majore
643 1529 752 1580 post
778 1518 945 1564 reddes
974 1529 1148 1566 tamen.
1168 1448 1362 1497 Ablem·

380 1622 409 1655 P
445 1623 475 1654 Ε
509 1622 542 1654 R
579 1622 599 1652 1
635 1620 662 1652 P
699 1620 734 1651 Η
768 1619 802 1651 A
836 1619 870 1651 N
904 1620 934 1651 Ε
972 1619 1010 1652 s.
1203 1661 1208 1665 ⁸

81 1681 219 1750 Quid
237 1682 401 1728 nunc?
427 1681 513 1741 qui
531 1681 580 1725 in
598 1680 737 1726 tantis
754 1680 935 1740 positus
957 1696 1064 1725 sum
1088 1679 1356 1738 sententiis,

78 1754 268 1800 Eumne
284 1771 372 1819 ego
390 1755 539 1799 sinam
558 1753 768 1814 inpune?
787 1753 939 1798 immo
957 1753 1133 1799 etiamsi
1151 1755 1355 1802 alterum

79 1825 294 1873 Tantum
316 1826 627 1888 perdundum
644 1827 725 1884 ’st',
754 1826 953 1888 perdam
979 1827 1140 1888 potius
1158 1861 1173 1884 ‚
1207 1844 1356 1889 quam

228 1949 231 1951 ,
332 1899 480 1944 sinam

81 1971 164 2018 Me
186 1974 370 2036 inpune
398 1974 594 2021 inrisum
616 1991 709 2020 esse
731 1975 980 2033 habitum,
1018 1974 1357 2037 depeculatum

332 2047 408 2092 eis.

21 2131 26 2134 ·
84 2113 161 2161 Sic
183 2115 289 2163 data
313 2136 406 2166 esse
434 2121 578 2167 verba
604 2121 836 2182 praesenti
858 2122 1042 2182 palam!

84 2186 248 2246 Atque
274 2206 352 2235 me
378 2193 572 2239 minoris
594 2192 714 2239 facio
743 2209 854 2254 prae
874 2193 957 2239 illo
973 2228 989 2250 ‚
1018 2194 1106 2254 qui
1131 2193 1355 2239 omnium

84 2257 271 2321 Legum
299 2272 442 2322 atque
463 2265 646 2326 jurium
674 2264 839 2321 fictor,
864 2264 1084 2310 conditor
1111 2266 1252 2312 cluet.

85 2330 131 2374 Is
156 2330 297 2376 etiam
317 2348 410 2378 sese
437 2343 593 2395 sapere
622 2347 880 2387 memorat3
915 2338 1144 2384 malleum

87 2402 430 2466 sapientiorem
446 2409 472 2436 *
489 2409 516 2437 *
534 2410 560 2437 2
585 2411 851 2466 manubrio.
