1618 2866
236 214 329 260 118
605 172 1140 262 EPIDICtJ’S.
1380 231 1524 279 πμ)

720 332 765 367 M
799 334 821 368 1
858 332 890 367 L
924 333 956 368 Ε
994 334 1034 369 S.

241 403 562 454 Conciliavisti
591 403 805 464 pulchre.

556 502 1203 539 PERIPHANES·

862 574 1024 631 Heus,
1054 575 1173 622 foras
1203 573 1393 622 educite

240 645 410 717 Quam
437 644 764 692 introduxistis
782 646 1037 694 fidicinam.
1059 660 1206 710 atque
1224 649 1365 695 etiam
1386 647 1527 707 fides,

238 722 298 770 Ei
330 737 453 783 quae
483 735 707 766 accessere
727 754 740 777 ‚
774 721 862 766 tibi
892 721 1066 768 addam
1098 722 1230 772 dono
1262 721 1430 786 gratiis.

241 793 373 859 Age,
405 793 564 854 accipe
594 793 717 838 hanc
747 794 818 839 sis.

724 867 957 924 MIL'E
995 891 1032 924 S.

782 961 923 1030 Quae
940 961 1248 1024 intemperiae
1266 971 1315 1008 te
1334 963 1533 1009 tenent?

243 1038 377 1105 Quas
399 1046 454 1081 tu
481 1035 603 1080 mihi
629 1034 844 1080 tenebras
869 1034 1004 1080 cudis
1015 1035 1186 1097 ?·quin
1212 1047 1269 1083 tu
1292 1036 1533 1084 fidicinam

243 1109 451 1156 Produci
472 1109 600 1156 intus
613 1109 767 1173 jubes.

564 1211 592 1244 P
628 1209 659 1243 E
695 1211 728 1245 R
763 1210 782 1244 1
817 1210 845 1242 P
882 1208 916 1240 H
952 1207 987 1240 A
1021 1209 1056 1241 N
1090 1208 1120 1242 E
1158 1208 1199 1243 S.

799 1276 930 1322 Haec
963 1291 1073 1339 ergo
1099 1286 1167 1321 est
1187 1273 1390 1322 fidicina.

246 1349 341 1402 Hic
364 1352 452 1397 alia
477 1351 612 1396 nulla
625 1351 692 1395 'st.

738 1435 781 1467 M
817 1433 838 1465 1
875 1432 905 1466 1,
942 1433 972 1466 E
1010 1433 1048 1467 s.

727 1497 841 1543 Non
870 1496 991 1541 mihi
1018 1497 1187 1559 nugari
1218 1507 1367 1557 poteS.

248 1574 387 1645 Quin
409 1583 466 1618 tu
483 1573 580 1620 huc
606 1568 831 1633 producis
849 1568 1089 1614 fidicinam
1108 1566 1539 1630 Acropolistidem?

566 1674 595 1707 Ρ
632 1674 662 1706 Ε
698 1674 732 1706 R
767 1673 789 1704 1
823 1672 852 1705 P
890 1672 924 1705 Η
961 1671 996 1705 A
1032 1672 1068 1706 Ν
1103 1670 1135 1707 E
1171 1671 1211 1706 s.

249 1747 410 1805 Haec,
440 1746 675 1807 inquam,
709 1753 809 1791 est.·

730 1841 776 1875 M
810 1842 832 1875 1
867 1842 898 1875 L
935 1841 966 1875 E
1002 1839 1039 1875 S.

734 1910 849 1956 Non
881 1909 1024 1967 haec,
1056 1907 1288 1969 inquam,
1317 1915 1405 1952 est:
1437 1922 1541 1954 non

1184 1979 1369 2027 novisse
1395 1997 1476 2027 me

188 2104 197 2114 ,
250 2057 413 2105 Meam
440 2071 540 2103 rere
571 2055 772 2102 amicam
796 2052 963 2116 posse?

566 2164 595 2196 P
632 2163 662 2197 Ε
698 2164 732 2197 R
767 2162 790 2194 1
827 2162 856 2195 P
890 2159 926 2194 H
959 2159 995 2194 A
1032 2161 1067 2194 Ν
1102 2159 1132 2193 E
1173 2158 1211 2194 s.

958 2228 1132 2288 Hanc,
1154 2228 1387 2289 inquam,
1419 2223 1543 2272 filius

254 2299 392 2348 Meus
417 2297 665 2362 deperibat
689 2295 943 2342 fidicinam.

748 2392 792 2426 M
825 2392 847 2426 1
882 2392 914 2426 L
949 2391 980 2426 Ε
1018 2391 1058 2425 s.

968 2458 1099 2506 Haec
1121 2473 1222 2506 non
1245 2468 1314 2505 est
1342 2473 1408 2503 ea.
