1618 2866
199 157 297 221 534
664 159 703 206 P
735 160 774 207 E
806 159 850 208 R
881 159 913 209 s
945 161 1004 209 Α.·
1388 153 1482 232 v.4

585 282 623 316 D
667 284 700 318 o
738 285 772 319 R
807 287 842 319 D
877 285 913 319 A
951 287 982 320 L
1019 287 1055 320 U
1090 285 1128 322 s.

689 352 811 398 Hei!
843 341 977 400 Persii
1004 371 1084 402 me
1110 357 1445 427 pessumdedit.

683 459 720 493 V
758 459 779 493 1
814 462 848 494 R
886 460 919 494 G
955 461 1003 494 Ο.

190 516 326 564 Pater
356 517 431 564 hic
460 535 592 565 meus
620 531 700 567 est.

582 614 1119 650 DORDALUS

561 680 712 729 Hem!
740 684 896 745 quid?
921 685 1087 745 pater?
1112 685 1229 745 perii
1263 667 1476 752 oppido!

192 751 332 820 Quid
361 758 448 817 ego
478 754 619 819 igitur
649 772 774 803 cesso
808 757 976 803 infelix
1002 759 1296 806 lamentarier

189 823 339 870 Minas
372 828 639 891 sexaginta?

616 914 1070 949 SATURIO.

655 983 758 1047 Ego
790 985 874 1046 pol
907 996 955 1030 te
985 985 1180 1043 faciam,
1216 987 1390 1045 scelus,

189 1050 261 1096 Te
291 1069 490 1114 quoque
523 1055 664 1100 etiam
695 1056 854 1117 ipsum
881 1069 937 1103 ut
967 1058 1246 1104 lamenteris.

577 1156 614 1188 D
652 1156 684 1190 o
721 1157 757 1190 R
791 1158 827 1190 D
861 1156 897 1189 A
931 1157 963 1190 Ι,
1000 1157 1036 1191 U
1072 1158 1117 1193 s.

1272 1210 1474 1259 Occidi!

611 1286 634 1320 s
670 1287 705 1320 A
742 1289 773 1321 T
809 1287 846 1320 U
881 1288 916 1322 R
953 1288 976 1321 1
1013 1288 1063 1322 o.

187 1341 312 1408 Age,
341 1345 531 1393 ambula
561 1349 611 1393 in
637 1350 714 1413 jus
733 1383 747 1408 ‚
780 1352 905 1396 leno.

577 1450 614 1483 D
654 1451 686 1483 ο
723 1450 966 1485 RDAL
1004 1450 1040 1483 U
1078 1449 1116 1483 s.

855 1511 995 1580 Quid
1026 1525 1105 1556 me
1133 1509 1183 1554 in
1203 1508 1281 1573 jus
1305 1509 1472 1557 vocas?

609 1608 631 1642 s
669 1607 703 1641 A
740 1609 771 1642 Τ
807 1609 843 1642 U
878 1610 916 1644 R
946 1610 968 1643 1
1005 1610 1051 1644 ο.

151 1656 153 1658 ’
185 1661 260 1708 Illi
282 1664 411 1724 apud
428 1665 695 1715 Praetorem
719 1670 895 1718 dicam:
929 1672 1011 1718 sed
1029 1684 1116 1736 ego
1136 1672 1186 1718 in
1198 1671 1276 1737 jus
1292 1652 1427 1719 vioco.

575 1768 611 1800 D
652 1770 684 1802 o
719 1771 752 1804 R
787 1772 823 1804 D
862 1770 898 1804 A
933 1772 965 1806 Ι,
1002 1771 1039 1804 U
1074 1771 1114 1806 s.

187 1820 360 1870 Nonne
387 1829 655 1878 antestans?

603 1922 626 1956 s
663 1923 699 1956 A
736 1924 767 1957 T
802 1926 839 1958 U
874 1927 908 1960 R
943 1926 965 1958 1
1002 1926 1047 1959 o.

636 1983 788 2030 Tuan’
820 2001 908 2050 ego
937 2001 1089 2031 caussa
1104 2019 1118 2042 ‚
1145 1978 1369 2034 camufex
1383 2019 1401 2046 ,

183 2051 471 2119 Quoiquom
505 2058 690 2103 mortali
711 2058 861 2105 libero
890 2060 1008 2105 auris
1038 2060 1281 2107 adteram?

186 2124 288 2194 Qui
315 2126 390 2172 hic
416 2133 722 2178 conmercaris
745 2134 855 2180 civis
879 2134 1092 2180 homines
1123 2134 1307 2182 liberos.

576 2229 612 2261 D
650 2230 682 2263 o
719 2231 752 2264 R
786 2231 823 2263 D
860 2231 896 2264 A
927 2233 957 2265 L
995 2231 1030 2265 U
1064 2232 1099 2265 s.

184 2269 296 2321 Sine
325 2275 493 2324 dicam.

608 2358 1049 2397 SATURIO.

447 2407 589 2456 Nolo.
