1618 2866
20 164 212 258 “v.56
346 196 751 244 ACTUSII.
804 196 909 244 SC.
960 199 1089 246 111.
1297 214 1355 261 35

386 317 416 350 P
455 316 489 350 H
525 316 559 349 A
594 316 625 349 E
662 317 698 349 D
733 317 767 350 R
802 316 834 350 Ο
870 315 913 350 Μ
947 315 982 349 U
1018 316 1056 351 S.

92 386 247 434 Perdis
270 402 349 432 me
376 387 469 432 tuis
495 385 642 431 dictis.
926 392 930 397 ‘

396 536 405 537 ἶ
468 487 495 519 c
533 485 568 518 U
603 486 637 518 R
675 485 702 517 c
740 484 776 518 u
811 485 842 518 1.
876 485 899 518 1
936 485 985 519 o.

537 552 695 597 Immo
723 567 882 608 servo,
906 562 954 596 et
979 564 1214 600 servatum
1233 557 1362 602 volo.

93 626 350 687 Postquam
371 626 487 671 mihi
512 639 790 685 responsum
804 624 884 681 ’st,
911 624 1031 671 abeo
1052 626 1112 672 ab
1136 627 1219 673 illo
1235 645 1364 675 mae-

302 712 310 718 ·
344 696 525 743 stus‘ad
548 695 708 742 forum

94 769 176 816 Me
191 770 273 816 illo
297 769 461 815 fmstra
486 767 736 815 advenisse.
766 767 888 814 forte
906 769 1077 829 aspicio
1099 769 1316 815 militem.

95 842 350 907 Aggredior
390 842 666 888 hominem:
702 842 852 887 saluto
882 841 1149 888 adveniens.
1194 840 1330 888 Salve
1348 877 1363 900 ,

345 914 505 975 inquit
534 915 680 971 mihi,

37 996 40 997 ’
94 987 350 1034 Prehendit
377 988 619 1046 dextram,
643 987 850 1047 seducit,
872 1001 1006 1053 rogat
1031 989 1151 1050 quid
1175 990 1365 1036 veniam

351 1060 545 1107 Cariam.

96 1134 219 1186 Dico
246 1151 326 1180 me
356 1135 439 1179 illo
467 1133 731 1190 advenisse,
754 1133 899 1179 animi
913 1148 1086 1179 caussa.
1106 1133 1174 1179 ibi
1197 1151 1275 1180 me
1293 1135 1365 1181 in-

348 1217 550 1269 terrogat
566 1239 580 1262 ,

99 1280 315 1340 Ecquem
348 1278 399 1322 in
434 1277 672 1339 Epidauro
702 1278 949 1340 Lyconem
979 1279 1250 1340 trapezitam
1280 1297 1369 1326 no-

347 1351 495 1397 verim
513 1352 535 1396 ?

99 1421 224 1470 Dico
254 1440 333 1469 me
367 1423 563 1470 novisse.
593 1423 714 1485 quid
734 1425 959 1470 lenonem
991 1424 1364 1487 Cappadocem?

347 1513 509 1542 annuo
1003 1532 1005 1534 -

99 1567 321 1632 visitasse.
354 1569 437 1614 sed
472 1567 594 1629 quid
632 1584 743 1614 eum
770 1567 873 1613 vis?
916 1568 1031 1628 quia
1066 1568 1126 1614 de
1159 1570 1241 1616 illo
1273 1570 1367 1616 emi

347 1640 579 1704 virginem

101 1711 311 1776 Triginta
340 1713 503 1770 miniS,
526 1722 707 1758 vestem
727 1746 740 1768 ,
771 1727 941 1756 aurum
964 1730 974 1756 :
1013 1723 1060 1758 et
1091 1729 1179 1773 pro
1206 1711 1258 1757 iis
1286 1712 1369 1758 de-

350 1801 453 1831 cem
476 1784 766 1830 coaccedunt
786 1784 955 1829 minae.

101 1855 285 1904 Dedisti
310 1869 365 1905 tu
387 1858 671 1922 argentum?
701 1858 915 1918 inquam.
948 1857 1105 1903 Immo
1129 1856 1259 1918 apud
1283 1868 1372 1903 tra-
1430 1879 1437 1885 κ

359 1931 559 1992 pezitam
586 1931 727 1976 situm
745 1930 825 1986 ’st,
1151 1976 1153 1978 ,

104 1997 249 2047 Illum
275 2018 421 2063 quem
446 2002 543 2047 dixi
574 2003 847 2065 Lyconem:
883 2012 1028 2063 atque
1055 2003 1097 2048 ei
1119 2001 1370 2059 mandavi,

359 2076 446 2134 qui
466 2075 610 2120 anulo
638 2090 749 2119 meo

107 2141 309 2189 Tabulas
330 2146 587 2212 obsignatas
615 2147 868 2203 attulisset,
895 2158 950 2192 ut
979 2146 1108 2192 daret
1137 2163 1355 2207 operam,

113 2214 177 2260 Ut
198 2217 440 2266 mulierem
466 2238 493 2266 a
517 2222 691 2267 lenone
715 2236 827 2266 cum
855 2237 969 2266 auro
997 2231 1044 2266 et
1068 2233 1195 2267 veste
1226 2220 1375 2265 abdu-

361 2303 496 2338 ceret.
1193 2352 1196 2355 Δ

113 2358 368 2420 Postquam
398 2364 489 2410 hoc
521 2365 642 2410 mihi·
667 2366 899 2424 narravit,
930 2365 1049 2412 abeo
1080 2365 1139 2409 ab
1168 2364 1263 2409 illo.
1303 2378 1375 2407 re-

102 2435 106 2444 *
362 2445 499 2480 vocat
524 2451 603 2482 me
624 2436 750 2483 illico
771 2471 788 2495 ‚

1063 2508 1154 2555 Ca
