1618 2866
90 174 206 222 ”ww
405 164 692 216 ACTUS
746 164 825 211 ῙῘ.
877 163 985 212 SC.
1031 165 1100 210 Ῑ.’
1280 176 1376 226 493·

96 277 179 326 Me
200 275 368 339 perisse
385 284 434 319 et
451 270 822 318 Philolachetem
839 268 973 330 cupit
992 267 1190 314 herilem
1205 268 1374 315 filium.

97 347 287 396 Occidit
317 363 418 407 spes
448 355 634 399 nostra,
661 357 902 401 nusquam
924 340 1166 388 stabulum
1184 343 1237 388 ’st
1262 358 1375 389 con-

353 416 575 463 fidentiae
589 449 603 471 ‚

86 493 196 541 Nec
215 491 346 539 Salus
364 491 502 538 nobis
523 488 659 534 saluti
669 488 771 551 jam
792 501 910 542 esse,
930 486 966 530 si
986 488 1168 548 cupiat,
1194 498 1373 549 potest:

97 566 170 611 Ita
184 564 296 610 mali
315 562 534 609 maeroris
553 569 773 619 montem
788 572 1076 604 maxumum
1098 558 1158 604 ad
1179 570 1380 621 portum

228 625 236 630 ’
349 633 499 680 modo

98 707 407 770 Conspicatus
437 723 558 752 sum.
594 704 733 751 herus
762 701 957 750 advenit
986 719 1193 769 peregre.
1238 705 1380 766 periit

346 775 539 822 Tranio.

95 851 270 912 Ecquis
293 851 443 896 horno
472 861 564 905 est,
601 848 687 909 qui
718 847 867 893 facere
893 847 1073 911 argenti
1106 847 1267 909 cupiat
1294 849 1378 895 ali-

348 931 586 983 quantum
611 919 756 976 lucri,

98 996 202 1065 Qui
221 993 366 1040 hodie
380 1010 474 1038 sese
489 991 739 1038 excruciari
751 1007 909 1055 mean}
920 992 1074 1036 vicem
1087 993 1231 1051 possit
1246 993 1377 1053 pati?

86 1067 194 1113 -Ubi
220 1076 331 1111 sunt
365 1066 438 1110 isti
459 1064 798 1128 plagipaddae,
826 1064 1128 1110 ferritribaces
1154 1065 1277 1110 viri?

98 1139 191 1187 Vel
215 1139 314 1196 isti,
336 1138 421 1200 qui
447 1137 582 1183 hastis
600 1137 744 1183 trium
762 1153 1077 1184 nummorum
1102 1155 1254 1186 caussa
1273 1141 1380 1187 sub·

353 1220 470 1256 eunt
495 1209 584 1254 sub
614 1208 720 1254 falas
734 1209 756 1254 ?

96 1285 193 1333 Ubi
210 1283 358 1344 aliqui
372 1281 630 1347 quindenis
646 1281 781 1327 hastis
800 1298 969 1343 corpus
985 1283 1189 1347 transfigi
1203 1284 1370 1329 solent.

94 1358 198 1422 Ego
233 1356 356 1403 dabo
389 1355 432 1400 ei
462 1356 696 1401 talentum
715 1389 730 1412 ,
766 1354 947 1416 primus
980 1355 1067 1415 qui
1099 1355 1151 1400 in
1181 1371 1372 1402 crucem

343 1437 678 1474 excucurrent.

92 1500 189 1548 Sed
212 1517 265 1546 ea
289 1502 392 1563 lege
406 1533 421 1556 ‚
446 1510 503 1544 ut
522 1498 766 1562 affigantur
789 1498 859 1544 bis
883 1498 1027 1559 pedes
1042 1534 1055 1556 ‚
1079 1498 1150 1544 bis
1170 1498 1370 1544 brachia.

91 1573 187 1620 Ubi
217 1572 267 1619 id
291 1572 379 1617 erit
400 1570 607 1626 factum,
636 1587 663 1615 a
688 1587 766 1615 me
786 1584 1035 1634 argentum
1055 1571 1206 1632 petit‘o
1236 1587 1371 1632 prae-

345 1655 611 1689 sentarlum.
688 1693 691 1695 ,
1356 1655 1366 1659 ·

93 1717 188 1765 Sed
213 1735 301 1783 ego
324 1734 493 1764 sumne
522 1718 601 1762 ille
633 1715 798 1762 infelix
814 1752 828 1775 ‚
862 1719 950 1779 qui
972 1735 1073 1767 non
1099 1735 1236 1766 curro
1268 1736 1370 1766 cur-

341 1792 491 1837 riculo
522 1790 758 1836 domum?

387 1883 1099 1918 PHILOLACHES.

95 1941 239 1989 Adest
269 1944 537 1990 obsonium.
574 1958 741 1988 eccum
772 1944 948 1991 Tranio
975 1962 1001 1990 a
1027 1956 1172 2006 portu
1198 1945 1333 1991 redit.

163 2041 170 2044 ·
542 2036 574 2069 'r
609 2037 644 2070 R
679 2036 714 2068 A
750 2037 782 2069 Ν
821 2038 842 2070 1
880 2038 930 2071 o.

96 2087 396 2135 Philolaches.

386 2176 1098 2219 PHILOLACHKES.

303 2241 583 2310 ‘Quidesti’

540 2323 931 2364 TRANIQ

511 2389 853 2453 Etegoettu.
