1618 2866
263 206 327 252 Μ
622 174 1184 241 CURCULIQ
1411 162 1540 259 uz

262 299 365 364 Ego
380 299 508 345 illam
526 298 713 344 reddidi
726 333 739 355 ,
761 298 846 358 qui
862 310 1111 363 argentum
1129 317 1155 346 a
1177 310 1226 347 te
1248 302 1420 349 attulit.

507 392 1309 442 THERAPonT1GoNuae

1048 478 1173 554 Quis
1200 481 1236 527 is
1263 493 1331 530 est
1355 484 1550 532 homo?

629 582 656 613 c
698 580 731 613 A
769 580 796 613 P
835 580 863 614 P
901 580 934 612 A
971 581 1006 612 D
1047 580 1079 612 ο
1116 581 1166 614 x.

261 661 428 708 Tuum
451 660 678 707 libertum
701 673 795 702 sese
821 655 974 719 ajebat
993 671 1087 701 esse
1106 640 1440 705 Sfimmanum.

502 754 1301 793 THERAPONTIGoN-Us.

1337 832 1506 882 Meum
1520 833 1548 879 {²

260 901 397 949 Atat!
429 899 652 946 Curculio
666 933 679 956 ,
698 899 854 948 hercle
867 932 885 962 2
904 901 1050 951 verba
1064 902 1186 951 mihi
1206 902 1338 950 dedit
1351 939 1365 964 ,
1388 922 1545 966 quom

514 974 686 1038 cogito.
857 975 861 979 ’

258 1050 303 1095 Is
327 1049 447 1095 mihi
472 1049 674 1094 anulum
702 1047 944 1110 surripuit„

630 1152 1161 1188 CAPPADOX.

908 1230 1204 1298 Perdidistin'
1225 1242 1280 1279 tu
1304 1235 1502 1282 anulum
1520 1237 1548 1282 3³-

259 1305 394 1351 Miles
421 1302 621 1364 pulchre
649 1302 937 1348 centutiatus
959 1314 1026 1348 est
1055 1316 1299 1366 expuncto
1321 1306 1373 1354 in
1393 1309 1548 1357 manim

511 1376 646 1436 pulo.

507 1476 1305 1515 THERAPONTIGONUS-

260 1552 357 1598 Ubi
381 1566 513 1598 nunc
542 1551 882 1598 Curculionem
910 1548 1184 1595 inveniam?

632 1646 658 1677 c
697 1645 733 1678 A
768 1646 796 1678 P
832 1646 860 1678 P
898 1645 932 1678 A
969 1645 1003 1678 D
1046 1644 1078 1676 o
1116 1645 1168 1681 x.

1046 1719 1104 1764 In
1129 1720 1283 1766 tritico
1305 1719 1548 1768 facillume

258 1796 350 1843 Vel
384 1794 670 1857 quingentos
709 1791 1018 1843 Curculiones
1050 1809 1138 1855 pro
1181 1809 1285 1839 uno.
1319 1793 1428 1840 faxo
1467 1811 1542 1839 te·-

511 1856 670 1927 petiae.

257 1940 358 2005 Ego
382 1939 517 1984 abeo.
549 1939 652 1983 vale
681 1948 826 1999 atque
849 1938 987 1983 salve.

501 2033 1314 2072 THERAPONTIGONUS.

893 2110 1017 2156 Male
1044 2110 1173 2159 vale;
1198 2109 1319 2154 male
1348 2108 1405 2154 sit
1432 2109 1543 2154 tibi'4

261 2183 396 2256 Quid
422 2199 509 2248 ego
541 2182 744 2228 faciam?
789 2197 1006 2227 maneam
1040 2196 1100 2226 an
1130 2179 1332 2225 abeam?
1366 2181 1538 2227 siccine

516 2256 634 2302 mihi
667 2272 759 2301 esse
788 2272 837 2300 os
868 2253 1113 2300 oblitum?

259 2331 417 2394 Cupio
443 2330 552 2378 dare
573 2327 844 2374 mercedem
859 2361 872 2384 ,
898 2327 986 2388 qui
1011 2327 1182 2388 illunc,
1207 2327 1296 2374 ubi
1315 2326 1372 2374 sit
1385 2341 1540 2387 ,cona

517 2411 749 2452 monstret
773 2400 904 2446 mihi.
