1618 2866
326 359 371 407 A
414 360 458 407 R
506 359 552 405 G
602 346 645 404 U
693 356 749 403 M
793 355 833 402 E
879 353 926 402 N
970 354 1016 400 T
1066 352 1109 400 U
1159 353 1214 400 M

427 496 526 558 (Ut
564 485 851 556 quibusdam
885 492 1107 553 videtui)

521 632 1011 678 PRISCIANI.

202 777 495 826 Cchszo
526 777 659 822 missu
684 775 942 820 Phaedromi
970 776 1007 820 ic
1039 773 1242 827 Cariam.

137 850 199 900 Ut
212 863 339 918 petat
366 862 606 912 argentum.
639 849 699 893 ibi
723 849 796 894 ille
819 848 954 893 eludit
982 849 1111 894 anulo
1220 847 1227 860 '

125 926 340 974 Rivalem.
373 924 522 970 scribit
546 935 673 986 atque
699 922 897 982 obsignat
919 922 1080 968 literas.

138 997 368 1061 Cognoscit
387 999 559 1058 signum
584 996 720 1059 Lyco,
745 995 817 1039 ubi
840 993 970 1042 vidit,
994 994 1146 1038 militis
1162 1013 1179 1039 .-

98 1080 103 1085 “
142 1071 204 1131 Ut
232 1073 414 1118 amicam
441 1073 616 1117 mittat,
639 1070 829 1132 pretium
859 1068 997 1112 lenoni
1026 1067 1156 1113 dedit.

135 1143 343 1206 Lyconem
372 1142 492 1186 miles
518 1158 568 1186 ac
596 1142 781 1186 lenonem
807 1141 850 1184 in
867 1142 945 1205 jus
974 1141 1105 1203 rapit.

138 1215 265 1278 Ipsus
286 1229 493 1260 sororem,
520 1229 646 1275 quam
669 1212 858 1276 peribat,
890 1214 1075 1275 reperit:

145 1286 287 1332 Oratu
310 1289 459 1352 quojus
477 1285 738 1332 Phaedromo
766 1296 946 1349 nuptum
972 1284 1099 1332 locat.

203 1463 530 1512 ALIUD
605 1463 1351 1511 ARGUMENTUM

502 1607 1037 1651 CAMERARIL

236 1751 294 1799 H
300 1760 377 1806 UJ
393 1764 475 1800 US
513 1751 755 1798 Comoediae
784 1763 1085 1813 argumentum
1115 1763 1180 1796 est
1211 1762 1333 1797 tenue
1365 1768 1417 1797 ac

148 1826 326 1890 simplex
340 1861 357 1874 ,
381 1827 425 1870 in
446 1825 538 1870 sola
560 1824 758 1870 Parasiti
773 1824 940 1889 fraude
957 1823 1155 1887 fortuita
1170 1823 1303 1887 paulo
1323 1824 1420 1886 ple-

75 1915 81 1923 ¹
146 1901 258 1944 nius.
306 1898 425 1945 Nam
457 1898 744 1944 introducitur
781 1898 1021 1943 adolescens
1053 1914 1202 1941 amans
1224 1896 1422 1960 puellam

151 1987 182 2016 a
213 1967 357 2016 lenone
393 1987 550 2018 avaro,
585 1988 711 2033 quam
741 1971 814 2016 ille
851 1969 1017 2032 quidem
1052 1969 1306 2016 redimeret,
1337 1969 1424 2013 nisi

146 2045 329 2105 pecunia
353 2044 521 2089 deesset.
561 2043 693 2089 Hanc
719 2046 763 2089 in
798 2041 928 2088 Caria
957 2059 1001 2087 se
1023 2058 1149 2106 posse
1174 2053 1321 2086 mutuo
1347 2057 1423 2085 su·-

154 2129 266 2158 mere
289 2131 489 2178 sperans,
511 2118 650 2160 mittit
681 2116 754 2161 illo
784 2115 1036 2160 Parasitum
1065 2131 1216 2161 suum,
1250 2115 1324 2175 qui
1343 2129 1423 2176 pe-

157 2197 239 2231 tat.
267 2187 315 2232 Is
332 2190 558 2251 pecuniam
579 2188 768 2251 quidem,
796 2205 923 2251 quam
950 2194 1097 2248 mutuo
1124 2188 1334 2250 accipiat,
1355 2201 1425 2230 re-

150 2260 269 2323 perit
289 2261 477 2306 nullam.-
498 2261 574 2306 sed
590 2262 766 2307 anulum
786 2264 829 2306 in
850 2273 956 2325 potu
975 2261 1219 2323 suffuratur
1239 2260 1423 2308 Militis,

161 2348 189 2376 a
218 2347 293 2393 quo
309 2331 468 2395 fuerat
495 2333 553 2378 ad
580 2350 750 2379 coenam
777 2335 997 2379 invitatus.
1030 2333 1168 2394 Atque
1201 2342 1251 2376 ut
1276 2329 1326 2375 de
1357 2346 1424 2375 eo-

87 2423 95 2426 ·
161 2403 255 2450 dem
279 2408 551 2464 cognoverat,
575 2407 687 2468 quod
706 2409 870 2453 emisset
890 2407 1081 2471 puellam
1109 2423 1137 2450 a
1162 2404 1353 2452 Lenone,
1382 2413 1424 2447 et

231 2481 322 2529 Vol.
353 2482 418 2530 ΙΙ.
1127 2483 1170 2530 A
1206 2498 1231 2531 2
