1618 2866
1143 167 1205 178 fix

211 219 271 265 Ἡ
564 199 1093 247 EPIDICUS
1206 201 1295 235 ·-
1386 202 1484 251 ms

514 318 541 350 P
582 317 611 348 E
650 318 682 350 R
718 318 739 350 1
775 318 805 350 P
842 317 877 350 Η
912 317 946 350 Α
983 318 1016 351 Ν
1053 318 1082 351 Ε
1120 317 1160 353 s.

206 380 264 427 ld
284 395 370 444 ego
389 377 645 425 excrucior.

591 452 1140 511 EPIDICUS.'

516 544 625 602 Dii,
646 545 803 591 hercle
815 581 829 604 ,
850 555 1016 593 omnes
1031 562 1110 592 me
1127 545 1352 611 adjuvant
1370 581 1384 606 ,
1400 563 1485 594 au-

1024 631 1161 683 gent,
1182 631 1356 667 amant.

206 694 301 757 Ipsi
322 694 373 739 hi
400 691 600 754 quidem
623 687 742 736 mihi
767 688 883 735 dant
899 690 1054 749 viam,
1081 709 1182 754 quo
1199 703 1340 755 pacto
1357 692 1417 739 ab
1441 709 1488 740 se

457 774 706 828 argentum
736 761 957 807 auferam.

140 859 150 868 2
204 839 306 904 Age
332 854 464 885 nunc
484 838 585 902 jam
615 851 730 881 orna
748 846 822 892 te,
851 834 1073 896 Epidice,
1099 847 1147 883 et
1158 838 1450 900 palliolum
1436 857 1488 887 m

462 910 643 955 collum
663 908 869 972 conjice;

204 986 375 1046 Itaque
395 984 662 1030 assimulato
676 1016 690 1039 ‚
713 982 845 1042 quasi
862 999 946 1043 per
968 982 1140 1030 urbem
1162 994 1315 1031 totam
1331 984 1488 1032 homi-

461 1073 575 1102 nem
594 1071 885 1116 quaeswens.

211 1130 312 1194 Age
329 1164 342 1186 ‚
375 1129 411 1174 si
442 1127 563 1190 quid
591 1126 696 1191 agiS.
729 1126 810 1172 Dii
839 1126 1139 1186 inmortales,
1168 1128 1353 1175 utinam
1377 1146 1490 1181 con-

461 1200 651 1248 veniam
683 1199 816 1246 domi

207 1277 544 1338 Periphanem!
583 1289 668 1336 per
688 1289 885 1320 omnem
907 1273 1079 1320 urbem
1105 1289 1254 1335 quem
1276 1290 1384 1321 sum
1411 1274 1490 1323 de-

465 1347 605 1392 fessus
636 1362 886 1406 quaerere:
1498 1344 1500 1346 ’

207 1421 294 1465 Per
314 1418 569 1464 medicinas
586 1451 598 1473 ‚
627 1433 711 1477 per
741 1416 990 1463 tonstrinas
1005 1451 1020 1475 ,
1051 1418 1102 1464 in
1119 1419 1394 1483 gymnasio,
1422 1431 1494 1468 at-

463 1507 558 1551 que
589 1490 639 1534 in
669 1488 774 1534 foro
792 1522 807 1545 ‚

209 1565 298 1611 Per
327 1563 596 1627 myropolia
613 1596 628 1619 ‚
666 1572 713 1607 et
747 1560 979 1618 lanienam,
1017 1561 1295 1624 circumque
1327 1581 1491 1629 argen-

462 1648 607 1682 tarlas.

208 1711 478 1775 Rogitando
518 1726 624 1754 sum
665 1724 831 1754 raucus
866 1707 1045 1767 factm,
1079 1725 1230 1772 paene
1262 1711 1315 1757 in
1352 1728 1490 1760 cursu

465 1785 666 1833 concidi.

534 1883 563 1916 P
603 1883 632 1915 E
668 1883 702 1916 R
740 1883 762 1916 1
799 1883 827 1916 P
868 1884 903 1917 Η
939 1884 974 1917 Α
1011 1885 1046 1918 Ν
1081 1885 1110 1917 Ε
1149 1884 1189 1919 s.

210 1943 419 2005 Epidice.

604 2039 633 2071 E
670 2040 697 2072 P
733 2041 755 2072 1
791 2042 825 2074 D
861 2035 881 2073 1'
918 2043 945 2074 c
981 2042 1015 2074 U
1053 2040 1090 2075 s.

406 2096 661 2159 Epidicum
678 2100 784 2160 quis
804 2112 870 2146 est
890 2102 975 2161 qui
990 2100 1215 2148 revocat?

522 2198 552 2231 P
595 2199 625 2232 E
661 2201 693 2232 R
730 2201 750 2232 1
786 2200 815 2233 P
853 2201 887 2233 H
924 2201 958 2234 A
997 2203 1028 2234 N
1066 2201 1095 2233 Ε
1137 2202 1175 2236 s.

859 2253 861 2255 ¹
949 2260 1050 2324 Ego
1076 2277 1182 2308 sum
1198 2263 1490 2327 Periphanes.

503 2346 509 2352 ⁷
569 2362 603 2395 A
639 2363 667 2395 P
705 2363 738 2396 o
776 2362 806 2395 E
845 2363 872 2397 c
907 2364 930 2398 1
965 2365 1001 2399 D
1035 2366 1065 2400 E
1102 2365 1140 2402 s.

217 2426 276 2474 Et
300 2411 386 2490 ego
407 2421 671 2487 Apoecides
693 2440 813 2470 sum.
