1618 2866
249 204 337 263 38
601 205 1134 255 EPIDICUs
1377 193 1524 258 '25

557 322 586 354 Ρ
622 322 652 354 E
690 323 722 355 R
758 323 778 354 1
814 323 842 356 P
883 323 917 356 Η
952 324 986 356 Α
1024 325 1058 359 N
1094 324 1124 357 E
1161 325 1201 359 s.

241 390 383 459 Quot
414 388 509 434 illic
536 388 682 434 hodie
717 406 797 435 me
830 392 1057 452 exemplis
1086 391 1345 438 ludificatu’
1348 402 1415 450 st,
1450 405 1523 440 at-

497 478 593 523 que
620 464 704 508 te?

240 535 305 582 Ut
331 535 425 582 illic
453 548 614 583 autem
635 537 926 583 exenteravit
947 537 1066 582 mihi
1090 553 1204 599 opes
1226 537 1522 602 argentarias!

583 637 617 669 A
655 637 682 669 P
720 638 752 670 O
791 638 821 669 E
860 639 886 670 C
925 639 945 670 1
983 641 1017 672 D
1054 640 1082 671 E
1121 639 1159 673 S-

241 706 402 770 Apage
434 707 571 752 illurn
614 723 639 751 a
676 723 779 763 me,
822 722 936 753 narn
974 709 1052 754 ille
1091 707 1291 769 quidem
1320 705 1525 753 Volcani

459 779 597 839 irati
614 780 668 825 ’st
694 779 837 825 filius:

243 854 453 923 Quaqua
476 853 654 917 tangit,
687 870 833 899 omne
861 851 1091 898 amburit.
1127 850 1163 895 si
1194 867 1345 912 prope
1379 861 1525 911 asteS,

496 941 625 975 aestu
655 929 875 975 calefacit.

634 1022 664 1054 E
703 1023 730 1055 P
766 1023 786 1054 I
825 1023 861 1055 D
895 1023 916 1054 1
953 1020 980 1052 C
1018 1020 1053 1052 U
1089 1019 1127 1052 S.

242 1082 517 1130 Duodecim
551 1083 663 1129 Deis
698 1083 808 1144 plus
849 1098 998 1143 quam
1033 1080 1085 1126 in
1119 1079 1256 1126 coelo
1292 1089 1360 1125 est
1391 1078 1524 1125 Deo-

503 1176 612 1204 rum
645 1157 973 1203 inmortalium
992 1191 1007 1213 ‚

243 1233 365 1279 Mihi
403 1217 534 1276 fiune
578 1231 757 1277 auxilio
799 1230 1035 1294 adjutores
1070 1228 1214 1284 surst,
1250 1237 1298 1272 et
1331 1238 1527 1272 mecum

500 1305 719 1350 militant,

245 1377 503 1446 Quidquid
536 1395 622 1441 ego
652 1375 890 1432 madefeci,
920 1375 1092 1421 auxilia
1121 1372 1239 1419 mihi
1273 1381 1321 1418 et
1352 1386 1527 1436 suppe-

438 1489 442 1494 ,
497 1450 588 1495 tiae
611 1461 720 1495 sunt
747 1448 894 1494 domi.

244 1510 555 1585 Απολσικτίζω
591 1525 805 1571 inimicos
825 1521 992 1567 omnis.

570 1618 597 1651 P
635 1617 664 1650 E
701 1618 734 1650 R
769 1615 789 1647 1
827 1615 854 1646 P
895 1613 930 1646 Η
966 1612 1000 1644 A
1035 1611 1068 1644 N
1105 1611 1134 1642 E
1172 1609 1209 1643 s
1246 1588 1257 1593 ’

751 1675 846 1722 Ubi
872 1675 1010 1719 illum
1031 1686 1255 1733 quaeram
1282 1666 1526 1732 gentium?

579 1774 614 1807 A
649 1774 677 1806 P
722 1773 752 1804 o
790 1772 820 1804 E
857 1771 883 1802 c
920 1771 941 1802 1
976 1771 1010 1802 D
1048 1769 1077 1801 E
1116 1766 1152 1799 s.

245 1836 378 1883 Dum
412 1836 510 1880 sine
538 1850 616 1878 me
650 1848 841 1894 quaeras
858 1865 871 1888 ‚
901 1844 1092 1891 quaeras
1125 1841 1233 1872 mea
1265 1836 1418 1870 caussa
1445 1818 1525 1865 vel

498 1907 661 1953 medio
686 1907 735 1952 in
765 1906 893 1951 mari.

634 1997 1124 2037 EPIDICUS.

250 2074 388 2145 Quid
418 2089 497 2119 me
527 2071 740 2132 quaeris?
770 2069 891 2130 quid
912 2064 1125 2114 laboras'?
1150 2059 1270 2123 quid
1294 2060 1425 2106 hunc
1451 2072 1526 2104 so·-
1558 2109 1560 2111 ,

500 2145 679 2191 licitas?
714 2160 820 2189 ecce
854 2158 947 2187 me.

247 2223 382 2269 Num
404 2231 451 2266 te
473 2219 605 2283 fugi?
638 2234 760 2263 num
783 2217 842 2262 ab
857 2215 1011 2260 domo
1033 2208 1233 2271 absum?
1258 2223 1380 2253 num
1405 2220 1522 2281 ocu-

504 2294 558 2338 lis
589 2290 791 2341 concessi
821 2288 949 2335 tuis?
1504 2297 1505 2300 ¹

247 2370 347 2417 Nec
383 2368 472 2417 tibi
510 2366 739 2429 supplico.
779 2363 954 2411 vincire
999 2359 1101 2425 vis?
1136 2357 1278 2404 hem!
1318 2350 1520 2402 ostendo

501 2455 680 2487 manus.
