1618 2866
189 165 289 216 626
650 160 689 206 P
718 160 759 208 E
792 161 836 209 R
871 160 903 210 s
936 161 993 210 A.
1317 137 1509 220 v.105⁷

191 275 292 340 Age
307 309 322 334 ,
353 274 389 321 si
418 270 542 335 quid
573 271 690 336 agis:
716 289 804 336 ego
824 272 886 319 ad
909 273 1039 322 hunc
1063 272 1234 336 redeo,
1256 292 1480 343 sequere,

444 346 622 393 reduco
647 346 769 394 hanc
790 347 894 395 tibi.

582 440 619 473 D
657 441 690 474 o
727 442 761 474 R
797 441 833 473 D
870 440 905 474 A
941 439 973 473 1.
1009 441 1046 474 U
1082 422 1122 477 s.

190 502 503 559 Adulescens,
538 500 631 547 vin'
665 500 874 547 vendere
906 501 1085 548 istanc?

507 595 531 629 S
566 595 602 629 A
638 596 672 629 G
707 594 742 628 A
780 596 814 629 R
849 595 870 628 1
906 594 930 629 S
966 596 998 629 T
1032 596 1056 630 Ι
1092 597 1143 631 0.

732 655 878 720 Magis
906 656 1069 715 lubet,
1098 675 1244 728 quam
1266 661 1481 723 perdere.

575 742 612 775 D
652 741 685 776 Ο
720 742 755 776 R
789 742 826 775 D
862 742 899 776 A
932 742 964 775 Ι,
1001 743 1037 777 U
1073 745 1116 779 S.

187 807 320 855 Tum
338 816 394 853 tu
421 819 572 867 pauca
598 804 650 849 in
674 802 819 850 verba
836 802 1027 850 confer:
1056 806 1142 867 qui
1171 805 1336 868 datur,
1356 812 1478 858 tanti

438 877 609 924 indica.

517 964 540 998 S
578 963 614 996 A
651 962 685 996 G
719 963 755 996 A
789 964 823 997 R
857 964 879 997 Ι
915 963 939 998 S
974 965 1006 998 T
1041 966 1064 1000 Ι
1098 967 1149 1002 Ο.

184 1029 370 1076 Faciam
400 1026 494 1083 ita,
538 1036 594 1070 ut
633 1035 682 1070 te
717 1025 840 1070 velle
874 1025 1035 1073 video.
1069 1039 1126 1075 ut
1159 1044 1317 1088 emas,
1351 1029 1476 1078 habe

361 1158 366 1162 .
437 1098 525 1144 tibi
561 1109 756 1144 centum
791 1099 944 1144 minis.

575 1192 611 1225 D
651 1192 683 1226 O
721 1193 755 1226 R
791 1194 827 1226 D
861 1193 896 1226 A
933 1192 965 1226 L
1002 1194 1038 1228 U
1072 1194 1108 1229 S.

182 1250 399 1297 Nimium
414 1247 484 1293 ’st.

186 1334 188 1337 ·
506 1323 530 1357 S
566 1323 600 1357 A
637 1323 671 1358 G
705 1322 742 1356 A
776 1323 812 1357 R.
844 1323 867 1356 Ι
904 1322 928 1358 S
967 1323 999 1356 T
1033 1324 1055 1357 1
1091 1323 1139 1358 O.

346 1387 620 1451 Octoginta.

571 1472 607 1504 D
647 1471 679 1504 o
716 1471 750 1504 R
783 1472 820 1505 D
854 1470 889 1504 A
923 1471 955 1504 L
991 1471 1027 1505 U
1063 1470 1101 1506 s.

485 1532 705 1578 Nimium
723 1533 790 1578 ’st.

506 1624 532 1658 S
567 1624 604 1657 A
640 1623 672 1657 G
710 1624 746 1657 A
781 1625 815 1658 R
850 1625 871 1657 1
906 1623 929 1657 S
965 1624 998 1658 T
1032 1624 1054 1657 Ι
1089 1624 1135 1659 Ο.

586 1684 827 1731 Nummus
850 1684 1007 1732 abesse
1031 1683 1143 1731 hinc
1168 1699 1265 1731 non
1284 1694 1470 1747 potest,

178 1761 333 1835 Quod
359 1774 488 1807 nunc
518 1759 686 1805 dicam.

568 1847 604 1879 D
646 1845 679 1877 o
717 1845 751 1878 R
785 1846 822 1878 D
857 1845 892 1878 A
926 1845 958 1878 1.
994 1845 1030 1878 U
1067 1846 1104 1880 s,

311 1906 450 1978 Quid
467 1905 518 1952 id
536 1915 603 1952 est
631 1905 779 1969 ergo?
809 1906 1033 1966 eloquere
1058 1915 1298 1964 actutum,
1318 1918 1462 1968 atque

482 1986 485 1987 ⁷
1226 1980 1398 2027 indica.

502 2057 525 2092 S
561 2057 596 2091 A
631 2056 667 2091 G
702 2056 736 2090 A
772 2057 807 2091 R
842 2055 864 2089 Ι
897 2055 922 2089 S
958 2056 989 2089 T
1025 2056 1046 2088 1
1080 2055 1130 2090 Ο.

177 2121 290 2169 Tuo
307 2119 519 2182 periculo
537 2118 773 2183 sexaginta
792 2118 906 2165 haec
937 2117 1074 2163 datur
1101 2118 1279 2183 argenti
1303 2119 1458 2166 minis.

565 2212 603 2244 D
641 2210 673 2244 Ο
711 2212 746 2246 R.
779 2211 816 2244 D
852 2210 889 2244 A
923 2210 955 2244 L
992 2209 1028 2243 U
1063 2209 1099 2244 S.
1148 2243 1154 2249 ,

177 2272 349 2321 Toxile
363 2306 380 2332 ,
404 2271 523 2334 quid
544 2271 670 2335 ago?

597 2357 630 2389 T
666 2356 700 2389 o
737 2356 774 2390 x
807 2356 831 2389 1
861 2355 893 2388 L
930 2353 966 2388 U
999 2353 1037 2388 S.

476 2415 558 2464 Dii
583 2414 809 2478 Deaeque
840 2426 887 2462 te
920 2415 1095 2480 agitant
1127 2416 1256 2475 irati,
1281 2415 1450 2473 scelus,
