1618 2866
90 208 229 267 «ηε
390 201 680 252 Αςτυε
731 203 811 249 11.
859 201 965 250 sc.
1008 204 1085 249 11.
1306 220 1367 267 99

96 313 355 373 Postquam
398 311 527 356 illam
567 321 678 356 sunt
716 308 1035 370 conspicatae,
1078 324 1225 370 quam
1256 319 1370 355 tuus

351 395 516 460 gnatus
543 381 725 441 deperit
740 414 755 436 ,
959 423 964 426 ,

98 457 261 526 Quam
278 454 411 500 facile
439 465 486 499 et
508 470 653 514 quam
685 453 923 498 fortunate
943 454 1101 499 evenit
1123 453 1216 512 illi,
1237 455 1368 501 obse-⁴

349 543 457 584 cro,
491 525 679 584 mulieri
692 559 707 583 ,

102 600 322 647 Liberare
349 616 493 661 quarn
510 600 612 645 volt
631 598 832 645 amator!
860 597 1077 658 quisnam
1103 597 1139 642 is
1169 597 1307 643 est?
1295 613 1370 643 m·-

291 707 300 713 .
357 672 463 732 quit
482 672 622 730 altera
839 660 843 663 ¹
995 703 997 705 -

100 743 190 789 Illi.
209 743 276 789 ibi
291 743 504 788 nominat
518 740 883 802 Stratippoclem
898 738 1184 799 Periphanae
1199 738 1365 784 filium.

421 821 1051 860 PERIPHANES.

1250 875 1372 921 Perii

3 926 6 932 .
34 994 38 996 ,
99 927 289 991 Hercle!
308 942 428 1005 quid
450 958 538 1006 ego
557 958 617 988 ex
631 955 680 988 te
698 940 875 988 audio?

489 1026 519 1057 E
555 1025 582 1058 P
620 1026 639 1057 1
676 1026 710 1058 D
747 1026 765 1057 1
804 1026 830 1057 c
868 1025 903 1058 U
940 1024 977 1057 s.

448 1087 556 1132 Hoc
574 1087 710 1148 quod
726 1099 899 1132 actum.
929 1096 1118 1149 egomet
1131 1095 1238 1146 post
1253 1119 1266 1142 ,
1285 1085 1372 1132 ubi

833 1147 942 1205 illa}
965 1159 1125 1205 audivi
1142 1160 1307 1220 loqui,

106 1233 255 1294 Coepi
276 1249 460 1279 rursum
488 1250 680 1281 vorsum
697 1235 758 1280 ad
792 1235 891 1280 illas
917 1233 1214 1295 pauxillatim
1245 1246 1376 1280 acce-⁸

308 1358 312 1359 ⁷
355 1307 493 1363 dere,

106 1378 254 1448 Quasi
277 1379 535 1425 retruderet
552 1376 807 1423 hominum
824 1392 903 1421 me
919 1377 987 1422 vis
1004 1378 1227 1423 invitum.

412 1461 1043 1498 PERIPHANES.

1129 1515 1374 1579 Intellego.

490 1593 522 1626 Ε
558 1594 586 1626 Ρ
622 1593 642 1625 1
679 1593 715 1624 D
753 1592 773 1623 1
814 1592 840 1623 c
878 1590 915 1623 U
950 1590 987 1623 3.

110 1612 186 1697 lbi
203 1649 312 1697 1113
301 1653 601 1716 mterrogavit
628 1652 784 1696 inam:
818 1650 903 1710 qui
920 1651 1024 1695 scis,
1015 1650 1036 1682 9
1064 1651 1168 1711 quis
1186 1651 1243 1695 id
1260 1651 1380 1697 dixit

364 1722 483 1767 tibi?

114 1793 248 1864 Quin
274 1795 419 1841 hodie
451 1796 612 1840 allatae
639 1805 750 1840 sunt
775 1795 972 1840 tabellae
1000 1795 1061 1840 ad
1093 1813 1196 1841 eam
1214 1814 1241 1842 a
1258 1795 1382 1842 Stra-

361 1868 571 1928 tippocle
586 1901 599 1923 ,
630 1883 742 1912 eum

116 1935 378 2002 Argentum
405 1940 613 1986 sumsisse
641 1941 771 2003 apud
793 1942 981 1988 Thebas
1002 1943 1062 1988 ab
1079 1943 1272 1988 Danista
1288 1943 1386 1988 foed

363 2030 507 2059 nore:

121 2080 179 2125 Id
195 2095 435 2144 paratum,
455 2098 502 2131 et
523 2103 616 2132 sese
639 2086 703 2131 ob
729 2102 831 2131 eam
858 2082 959 2131 rem
982 2085 1033 2129 id
1053 2085 1183 2131 ferre.

426 2173 455 2205 P
493 2173 523 2205 E
559 2174 593 2205 R
627 2172 647 2203 1
682 2171 710 2203 Ρ
748 2172 783 2204 rr
819 2171 854 2203 A
884 2173 918 2204 N
954 2172 983 2203 E
1023 2171 1061 2203 3.
1178 2151 1184 2156 ’

916 2233 1048 2277 Cedo
1063 2267 1077 2288 ‚
1100 2248 1187 2296 ego
1217 2230 1388 2276 occidi!

504 2315 535 2346 E
571 2316 599 2348 Ρ
639 2318 659 2350 1
696 2317 731 2350 D
766 2317 786 2348 1
822 2318 848 2349 c
885 2316 920 2348 U
957 2317 994 2349 s.

128 2369 256 2415 Haec
281 2370 404 2416 aibat
434 2373 495 2418 sic
529 2375 754 2424 audivisse
783 2393 830 2424 se
853 2377 911 2423 ab
942 2393 1018 2435 ea,
1049 2387 1194 2435 atque
1220 2374 1279 2419 ab
1299 2373 1395 2434 epi-

378 2444 504 2488 stola.
1005 2504 1010 2506 μ

1086 2508 1131 2554 G
1167 2523 1191 2555 α
