<?xml version="1.0" encoding="UTF-8"?>
<!DOCTYPE html PUBLIC "-//W3C//DTD XHTML 1.0 Transitional//EN"
    "http://www.w3.org/TR/xhtml1/DTD/xhtml1-transitional.dtd">
<html xmlns="http://www.w3.org/1999/xhtml" xml:lang="en" lang="en">
 <head>
  <title>
</title>
<meta http-equiv="Content-Type" content="text/html;charset=utf-8" />
  <meta name='ocr-system' content='tesseract 3.04.00' />
  <meta name='ocr-capabilities' content='ocr_page ocr_carea ocr_par ocr_line ocrx_word'/>
</head>
<body>
  <div class='ocr_page' id='page_1' title='image "./comoediaesuperst02plauuoft_0619.png"; bbox 0 0 1618 2866; ppageno 0'>
   <div class='ocr_carea' id='block_1_1' title="bbox 64 152 1352 225">
    <p class='ocr_par' dir='ltr' id='par_1_1' title="bbox 64 152 1352 225">
     <span class='ocr_line' id='line_1_1' title="bbox 64 152 1352 225; baseline -0.005 -16"><span class='ocrx_word' id='word_1_1' title='bbox 64 172 194 220; x_wconf 67' lang='lat' dir='ltr'>v.31</span> <span class='ocrx_word' id='word_1_2' title='bbox 358 154 649 203; x_wconf 86' lang='lat' dir='ltr'>ACTUS</span> <span class='ocrx_word' id='word_1_3' title='bbox 698 154 803 202; x_wconf 90' lang='lat' dir='ltr'>1v.</span> <span class='ocrx_word' id='word_1_4' title='bbox 862 152 960 202; x_wconf 82' lang='lat' dir='ltr'>sc,</span> <span class='ocrx_word' id='word_1_5' title='bbox 1009 155 1125 225; x_wconf 79' lang='lat'>111.</span> <span class='ocrx_word' id='word_1_6' title='bbox 1257 157 1352 204; x_wconf 81' lang='lat'>611</span> 
     </span>
    </p>
   </div>
   <div class='ocr_carea' id='block_1_2' title="bbox 459 274 1353 451">
    <p class='ocr_par' dir='ltr' id='par_1_2' title="bbox 459 274 1353 451">
     <span class='ocr_line' id='line_1_2' title="bbox 481 274 919 308; baseline -0.005 0"><span class='ocrx_word' id='word_1_7' title='bbox 481 274 919 308; x_wconf 75' lang='lat' dir='ltr'>Toleus.</span> 
     </span>
     <span class='ocr_line' id='line_1_3' title="bbox 890 331 1353 385; baseline 0.006 -8"><span class='ocrx_word' id='word_1_8' title='bbox 890 331 957 378; x_wconf 86' lang='lat' dir='ltr'>At</span> <span class='ocrx_word' id='word_1_9' title='bbox 988 332 1113 378; x_wconf 88' lang='lat' dir='ltr'>clare</span> <span class='ocrx_word' id='word_1_10' title='bbox 1141 333 1353 385; x_wconf 82' lang='lat' dir='ltr'>recitato.</span> 
     </span>
     <span class='ocr_line' id='line_1_4' title="bbox 459 414 991 451; baseline 0.008 -4"><span class='ocrx_word' id='word_1_11' title='bbox 459 414 991 451; x_wconf 74' lang='lat' dir='ltr'>DORDALUS.</span> 
     </span>
    </p>
   </div>
   <div class='ocr_carea' id='block_1_3' title="bbox 35 455 1352 1694">
    <p class='ocr_par' dir='ltr' id='par_1_3' title="bbox 63 455 1222 671">
     <span class='ocr_line' id='line_1_5' title="bbox 63 455 962 538; baseline -0.006 -14"><span class='ocrx_word' id='word_1_12' title='bbox 63 455 219 535; x_wconf 84' lang='lat' dir='ltr'>Tace,</span> <span class='ocrx_word' id='word_1_13' title='bbox 244 475 366 522; x_wconf 88' lang='lat' dir='ltr'>dum</span> <span class='ocrx_word' id='word_1_14' title='bbox 393 475 594 538; x_wconf 89' lang='lat' dir='ltr'>pellego.</span> <span class='ocrx_word' id='word_1_15' title='bbox 955 526 962 533; x_wconf 72' lang='lat'>,</span> 
     </span>
     <span class='ocr_line' id='line_1_6' title="bbox 479 560 928 596; baseline 0.002 -3"><span class='ocrx_word' id='word_1_16' title='bbox 479 561 512 593; x_wconf 88' lang='lat' dir='ltr'>T</span> <span class='ocrx_word' id='word_1_17' title='bbox 548 561 583 594; x_wconf 90' lang='grc' dir='ltr'><strong>Ο</strong></span> <span class='ocrx_word' id='word_1_18' title='bbox 619 560 656 594; x_wconf 80' lang='lat' dir='ltr'>X</span> <span class='ocrx_word' id='word_1_19' title='bbox 697 560 716 594; x_wconf 93' lang='lat'>1</span> <span class='ocrx_word' id='word_1_20' title='bbox 753 562 784 595; x_wconf 89' lang='lat' dir='ltr'>L</span> <span class='ocrx_word' id='word_1_21' title='bbox 820 562 855 594; x_wconf 92' lang='lat' dir='ltr'>U</span> <span class='ocrx_word' id='word_1_22' title='bbox 892 561 928 596; x_wconf 86' lang='lat' dir='ltr'>S.</span> 
     </span>
     <span class='ocr_line' id='line_1_7' title="bbox 628 620 1222 671; baseline 0.01 -6"><span class='ocrx_word' id='word_1_23' title='bbox 628 620 774 666; x_wconf 87' lang='lat' dir='ltr'>Haud</span> <span class='ocrx_word' id='word_1_24' title='bbox 802 622 1009 670; x_wconf 82' lang='lat' dir='ltr'>verbum</span> <span class='ocrx_word' id='word_1_25' title='bbox 1043 623 1222 671; x_wconf 82' lang='lat' dir='ltr'>faciam.</span> 
     </span>
    </p>

    <p class='ocr_par' dir='ltr' id='par_1_4' title="bbox 35 705 1352 1271">
     <span class='ocr_line' id='line_1_8' title="bbox 411 705 1004 752; baseline 0.009 -15"><span class='ocrx_word' id='word_1_26' title='bbox 411 750 419 752; x_wconf 16' lang='grc' dir='ltr'>ἡ</span> <span class='ocrx_word' id='word_1_27' title='bbox 457 706 495 738; x_wconf 85' lang='grc'>1)</span> <span class='ocrx_word' id='word_1_28' title='bbox 531 705 564 738; x_wconf 94' lang='lat' dir='ltr'>o</span> <span class='ocrx_word' id='word_1_29' title='bbox 600 707 634 738; x_wconf 80' lang='lat' dir='ltr'>R</span> <span class='ocrx_word' id='word_1_30' title='bbox 670 707 705 738; x_wconf 88' lang='lat' dir='ltr'>D</span> <span class='ocrx_word' id='word_1_31' title='bbox 744 706 780 739; x_wconf 99' lang='lat' dir='ltr'>A</span> <span class='ocrx_word' id='word_1_32' title='bbox 815 708 846 740; x_wconf 84' lang='lat' dir='ltr'>L</span> <span class='ocrx_word' id='word_1_33' title='bbox 882 709 918 741; x_wconf 86' lang='lat' dir='ltr'>U</span> <span class='ocrx_word' id='word_1_34' title='bbox 956 708 1004 742; x_wconf 98' lang='grc'><strong>8.</strong></span> 
     </span>
     <span class='ocr_line' id='line_1_9' title="bbox 47 749 1016 826; baseline -0.001 -12"><span class='ocrx_word' id='word_1_35' title='bbox 47 754 277 814; x_wconf 75' lang='lat' dir='ltr'>&#39;Salutem</span> <span class='ocrx_word' id='word_1_36' title='bbox 307 750 422 812; x_wconf 83' lang='lat' dir='ltr'>dicit</span> <span class='ocrx_word' id='word_1_37' title='bbox 453 749 632 811; x_wconf 82' lang='lat' dir='ltr'>Toxilo</span> <span class='ocrx_word' id='word_1_38' title='bbox 664 766 1016 826; x_wconf 84' lang='lat' dir='ltr'>Timarchides,</span> 
     </span>
     <span class='ocr_line' id='line_1_10' title="bbox 62 839 1047 904; baseline 0.001 -17"><span class='ocrx_word' id='word_1_39' title='bbox 62 842 125 888; x_wconf 89' lang='lat' dir='ltr'>Et</span> <span class='ocrx_word' id='word_1_40' title='bbox 155 840 354 886; x_wconf 88' lang='lat' dir='ltr'>familiae</span> <span class='ocrx_word' id='word_1_41' title='bbox 388 839 534 885; x_wconf 61' lang='lat' dir='ltr'>omni,</span> <span class='ocrx_word' id='word_1_42' title='bbox 566 839 603 884; x_wconf 85' lang='lat' dir='ltr'>si</span> <span class='ocrx_word' id='word_1_43' title='bbox 629 841 819 897; x_wconf 86' lang='lat' dir='ltr'>valetis,</span> <span class='ocrx_word' id='word_1_44' title='bbox 847 843 1047 904; x_wconf 83' lang='lat' dir='ltr'><strong>gaudeo.</strong></span> 
     </span>
     <span class='ocr_line' id='line_1_11' title="bbox 35 912 1343 977; baseline 0.003 -16"><span class='ocrx_word' id='word_1_45' title='bbox 35 945 38 947; x_wconf 98' lang='lat'>-</span> <span class='ocrx_word' id='word_1_46' title='bbox 61 914 167 977; x_wconf 56' lang='lat' dir='ltr'>Ego*</span> <span class='ocrx_word' id='word_1_47' title='bbox 188 912 324 960; x_wconf 46' lang='lat' dir='ltr'>&amp;aleo</span> <span class='ocrx_word' id='word_1_48' title='bbox 348 925 475 958; x_wconf 88' lang='lat' dir='ltr'>recte</span> <span class='ocrx_word' id='word_1_49' title='bbox 490 946 505 968; x_wconf 84' lang='lat'>,</span> <span class='ocrx_word' id='word_1_50' title='bbox 535 924 583 958; x_wconf 88' lang='lat' dir='ltr'>et</span> <span class='ocrx_word' id='word_1_51' title='bbox 612 929 715 958; x_wconf 88' lang='lat' dir='ltr'>rem</span> <span class='ocrx_word' id='word_1_52' title='bbox 749 930 886 976; x_wconf 87' lang='lat' dir='ltr'>gero,</span> <span class='ocrx_word' id='word_1_53' title='bbox 919 927 968 960; x_wconf 89' lang='lat' dir='ltr'>et</span> <span class='ocrx_word' id='word_1_54' title='bbox 992 915 1113 962; x_wconf 85' lang='lat' dir='ltr'>facio</span> <span class='ocrx_word' id='word_1_55' title='bbox 1139 917 1343 965; x_wconf 89' lang='lat' dir='ltr'>lucrum.</span> 
     </span>
     <span class='ocr_line' id='line_1_12' title="bbox 63 984 1277 1046; baseline 0.002 -15"><span class='ocrx_word' id='word_1_56' title='bbox 63 985 239 1045; x_wconf 87' lang='lat' dir='ltr'><strong>Neque</strong></span> <span class='ocrx_word' id='word_1_57' title='bbox 271 985 358 1029; x_wconf 87' lang='lat' dir='ltr'>isto</span> <span class='ocrx_word' id='word_1_58' title='bbox 386 984 541 1031; x_wconf 83' lang='lat' dir='ltr'>redire</span> <span class='ocrx_word' id='word_1_59' title='bbox 563 984 632 1028; x_wconf 85' lang='lat' dir='ltr'>his</span> <span class='ocrx_word' id='word_1_60' title='bbox 657 995 767 1031; x_wconf 92' lang='lat' dir='ltr'>octo</span> <span class='ocrx_word' id='word_1_61' title='bbox 798 1003 990 1046; x_wconf 86' lang='lat' dir='ltr'>possum</span> <span class='ocrx_word' id='word_1_62' title='bbox 1014 989 1277 1034; x_wconf 83' lang='lat' dir='ltr'>mensibus:</span> 
     </span>
     <span class='ocr_line' id='line_1_13' title="bbox 64 1058 1294 1123; baseline 0.003 -20"><span class='ocrx_word' id='word_1_63' title='bbox 64 1058 236 1118; x_wconf 88' lang='lat' dir='ltr'>Itaque</span> <span class='ocrx_word' id='word_1_64' title='bbox 266 1058 343 1103; x_wconf 85' lang='lat' dir='ltr'>hic</span> <span class='ocrx_word' id='word_1_65' title='bbox 376 1068 469 1113; x_wconf 86' lang='lat' dir='ltr'>est,</span> <span class='ocrx_word' id='word_1_66' title='bbox 494 1058 630 1117; x_wconf 91' lang='lat' dir='ltr'>quod</span> <span class='ocrx_word' id='word_1_67' title='bbox 661 1075 740 1104; x_wconf 87' lang='lat' dir='ltr'>me</span> <span class='ocrx_word' id='word_1_68' title='bbox 773 1059 957 1105; x_wconf 74' lang='lat' dir='ltr'>detinet</span> <span class='ocrx_word' id='word_1_69' title='bbox 976 1093 990 1116; x_wconf 92' lang='lat'>,</span> <span class='ocrx_word' id='word_1_70' title='bbox 1027 1061 1294 1123; x_wconf 86' lang='lat' dir='ltr'><strong>negotium.</strong></span> 
     </span>
     <span class='ocr_line' id='line_1_14' title="bbox 67 1130 1284 1193; baseline 0.001 -14"><span class='ocrx_word' id='word_1_71' title='bbox 67 1131 377 1192; x_wconf 86' lang='lat' dir='ltr'>Eleusipolim</span> <span class='ocrx_word' id='word_1_72' title='bbox 408 1130 572 1176; x_wconf 87' lang='lat' dir='ltr'>Persae</span> <span class='ocrx_word' id='word_1_73' title='bbox 597 1147 763 1193; x_wconf 85' lang='lat' dir='ltr'>cepere</span> <span class='ocrx_word' id='word_1_74' title='bbox 798 1132 972 1177; x_wconf 90' lang='lat' dir='ltr'>urbem</span> <span class='ocrx_word' id='word_1_75' title='bbox 1004 1133 1054 1178; x_wconf 79' lang='lat' dir='ltr'>in</span> <span class='ocrx_word' id='word_1_76' title='bbox 1082 1133 1284 1192; x_wconf 86' lang='lat' dir='ltr'>Arabia,</span> 
     </span>
     <span class='ocr_line' id='line_1_15' title="bbox 69 1204 1352 1271; baseline -0.001 -18"><span class='ocrx_word' id='word_1_77' title='bbox 69 1207 267 1253; x_wconf 85' lang='lat' dir='ltr'>Plenam</span> <span class='ocrx_word' id='word_1_78' title='bbox 300 1204 542 1271; x_wconf 74' lang='lat' dir='ltr'>bonarum</span> <span class='ocrx_word' id='word_1_79' title='bbox 573 1221 735 1250; x_wconf 87' lang='lat' dir='ltr'>rerum</span> <span class='ocrx_word' id='word_1_80' title='bbox 748 1238 764 1262; x_wconf 92' lang='lat'>‚</span> <span class='ocrx_word' id='word_1_81' title='bbox 798 1217 943 1266; x_wconf 89' lang='lat' dir='ltr'>atque</span> <span class='ocrx_word' id='word_1_82' title='bbox 976 1206 1230 1267; x_wconf 88' lang='lat' dir='ltr'>antiquom</span> <span class='ocrx_word' id='word_1_83' title='bbox 1263 1224 1352 1270; x_wconf 76' lang='lat' dir='ltr'>op-</span> 
     </span>
    </p>

    <p class='ocr_par' dir='ltr' id='par_1_5' title="bbox 319 1278 517 1340">
     <span class='ocr_line' id='line_1_16' title="bbox 319 1278 517 1340; baseline 0.005 -18"><span class='ocrx_word' id='word_1_84' title='bbox 319 1278 517 1340; x_wconf 86' lang='lat' dir='ltr'>pidum:</span> 
     </span>
    </p>

    <p class='ocr_par' dir='ltr' id='par_1_6' title="bbox 63 1352 1349 1694">
     <span class='ocr_line' id='line_1_17' title="bbox 63 1352 1082 1415; baseline -0.002 -14"><span class='ocrx_word' id='word_1_85' title='bbox 63 1355 133 1402; x_wconf 89' lang='lat' dir='ltr'>Ea</span> <span class='ocrx_word' id='word_1_86' title='bbox 163 1364 450 1415; x_wconf 74' lang='lat' dir='ltr'>conparatur</span> <span class='ocrx_word' id='word_1_87' title='bbox 482 1352 681 1413; x_wconf 83' lang='lat' dir='ltr'>praeda,</span> <span class='ocrx_word' id='word_1_88' title='bbox 722 1364 778 1398; x_wconf 90' lang='lat' dir='ltr'>ut</span> <span class='ocrx_word' id='word_1_89' title='bbox 809 1353 891 1399; x_wconf 86' lang='lat' dir='ltr'>fiat</span> <span class='ocrx_word' id='word_1_90' title='bbox 924 1354 1082 1399; x_wconf 84' lang='lat' dir='ltr'>auctio</span> 
     </span>
     <span class='ocr_line' id='line_1_18' title="bbox 63 1426 1233 1488; baseline 0 -14"><span class='ocrx_word' id='word_1_91' title='bbox 63 1427 337 1474; x_wconf 88' lang='lat' dir='ltr'>Publicitus-.</span> <span class='ocrx_word' id='word_1_92' title='bbox 372 1443 425 1472; x_wconf 88' lang='lat' dir='ltr'>ea</span> <span class='ocrx_word' id='word_1_93' title='bbox 445 1442 515 1471; x_wconf 83' lang='lat' dir='ltr'>res</span> <span class='ocrx_word' id='word_1_94' title='bbox 545 1443 624 1472; x_wconf 88' lang='lat' dir='ltr'>me</span> <span class='ocrx_word' id='word_1_95' title='bbox 657 1426 806 1472; x_wconf 87' lang='lat' dir='ltr'>domo</span> <span class='ocrx_word' id='word_1_96' title='bbox 833 1440 1082 1488; x_wconf 84' lang='lat' dir='ltr'>expertem</span> <span class='ocrx_word' id='word_1_97' title='bbox 1110 1428 1233 1474; x_wconf 83' lang='lat' dir='ltr'>facit.</span> 
     </span>
     <span class='ocr_line' id='line_1_19' title="bbox 68 1499 1347 1562; baseline 0.001 -16"><span class='ocrx_word' id='word_1_98' title='bbox 68 1500 279 1562; x_wconf 88' lang='lat' dir='ltr'>Operam</span> <span class='ocrx_word' id='word_1_99' title='bbox 294 1511 439 1560; x_wconf 89' lang='lat' dir='ltr'>atque</span> <span class='ocrx_word' id='word_1_100' title='bbox 459 1499 720 1559; x_wconf 86' lang='lat' dir='ltr'>hospitium</span> <span class='ocrx_word' id='word_1_101' title='bbox 736 1516 824 1562; x_wconf 86' lang='lat' dir='ltr'>ego</span> <span class='ocrx_word' id='word_1_102' title='bbox 845 1499 916 1543; x_wconf 87' lang='lat' dir='ltr'>isti</span> <span class='ocrx_word' id='word_1_103' title='bbox 933 1500 1196 1559; x_wconf 87' lang='lat' dir='ltr'>praehiberi</span> <span class='ocrx_word' id='word_1_104' title='bbox 1213 1502 1347 1559; x_wconf 86' lang='lat' dir='ltr'>volo,</span> 
     </span>
     <span class='ocr_line' id='line_1_20' title="bbox 66 1571 1243 1641; baseline -0.001 -23"><span class='ocrx_word' id='word_1_105' title='bbox 66 1573 167 1641; x_wconf 73' lang='lat' dir='ltr'>Qui</span> <span class='ocrx_word' id='word_1_106' title='bbox 191 1572 280 1618; x_wconf 88' lang='lat' dir='ltr'>tibi</span> <span class='ocrx_word' id='word_1_107' title='bbox 308 1574 498 1618; x_wconf 85' lang='lat' dir='ltr'>tabellas</span> <span class='ocrx_word' id='word_1_108' title='bbox 531 1571 675 1616; x_wconf 87' lang='lat' dir='ltr'>affert.</span> <span class='ocrx_word' id='word_1_109' title='bbox 705 1587 845 1627; x_wconf 84' lang='lat' dir='ltr'>cura,</span> <span class='ocrx_word' id='word_1_110' title='bbox 876 1588 999 1631; x_wconf 89' lang='lat' dir='ltr'>quae</span> <span class='ocrx_word' id='word_1_111' title='bbox 1027 1573 1063 1616; x_wconf 89' lang='lat' dir='ltr'>is</span> <span class='ocrx_word' id='word_1_112' title='bbox 1092 1574 1243 1618; x_wconf 84' lang='lat' dir='ltr'>volet:</span> 
     </span>
     <span class='ocr_line' id='line_1_21' title="bbox 66 1645 1349 1694; baseline 0.001 -2"><span class='ocrx_word' id='word_1_113' title='bbox 66 1647 191 1693; x_wconf 88' lang='lat' dir='ltr'>Nam</span> <span class='ocrx_word' id='word_1_114' title='bbox 207 1648 244 1692; x_wconf 83' lang='lat' dir='ltr'>is</span> <span class='ocrx_word' id='word_1_115' title='bbox 261 1648 377 1692; x_wconf 81' lang='lat' dir='ltr'>mihi</span> <span class='ocrx_word' id='word_1_116' title='bbox 395 1648 597 1692; x_wconf 86' lang='lat' dir='ltr'>honores</span> <span class='ocrx_word' id='word_1_117' title='bbox 618 1661 726 1690; x_wconf 86' lang='lat' dir='ltr'>suae</span> <span class='ocrx_word' id='word_1_118' title='bbox 747 1646 882 1690; x_wconf 90' lang='lat' dir='ltr'>domi</span> <span class='ocrx_word' id='word_1_119' title='bbox 897 1645 1065 1691; x_wconf 86' lang='lat' dir='ltr'>habuit</span> <span class='ocrx_word' id='word_1_120' title='bbox 1078 1662 1349 1694; x_wconf 80' lang='lat' dir='ltr'>maxumus.-</span> 
     </span>
    </p>
   </div>
   <div class='ocr_carea' id='block_1_4' title="bbox 67 1739 1348 2456">
    <p class='ocr_par' dir='ltr' id='par_1_7' title="bbox 67 1739 1348 2456">
     <span class='ocr_line' id='line_1_22' title="bbox 456 1739 989 1773; baseline -0.002 -2"><span class='ocrx_word' id='word_1_121' title='bbox 456 1740 491 1771; x_wconf 90' lang='lat' dir='ltr'>D</span> <span class='ocrx_word' id='word_1_122' title='bbox 530 1739 563 1771; x_wconf 93' lang='grc' dir='ltr'>ο</span> <span class='ocrx_word' id='word_1_123' title='bbox 599 1740 632 1772; x_wconf 82' lang='lat' dir='ltr'>R</span> <span class='ocrx_word' id='word_1_124' title='bbox 667 1739 703 1770; x_wconf 87' lang='lat' dir='ltr'>D</span> <span class='ocrx_word' id='word_1_125' title='bbox 740 1739 774 1771; x_wconf 92' lang='lat' dir='ltr'>A</span> <span class='ocrx_word' id='word_1_126' title='bbox 809 1739 839 1770; x_wconf 88' lang='lat'>1.</span> <span class='ocrx_word' id='word_1_127' title='bbox 878 1739 911 1771; x_wconf 86' lang='lat' dir='ltr'>U</span> <span class='ocrx_word' id='word_1_128' title='bbox 949 1739 989 1773; x_wconf 92' lang='grc'>8.</span> 
     </span>
     <span class='ocr_line' id='line_1_23' title="bbox 67 1799 1348 1871; baseline 0.003 -26"><span class='ocrx_word' id='word_1_129' title='bbox 67 1800 210 1871; x_wconf 42' lang='lat' dir='ltr'>Quid*</span> <span class='ocrx_word' id='word_1_130' title='bbox 228 1799 280 1845; x_wconf 87' lang='lat' dir='ltr'>id</span> <span class='ocrx_word' id='word_1_131' title='bbox 309 1800 370 1846; x_wconf 85' lang='lat' dir='ltr'>ad</span> <span class='ocrx_word' id='word_1_132' title='bbox 399 1816 506 1856; x_wconf 81' lang='lat' dir='ltr'>me,</span> <span class='ocrx_word' id='word_1_133' title='bbox 533 1811 614 1844; x_wconf 89' lang='lat' dir='ltr'>aut</span> <span class='ocrx_word' id='word_1_134' title='bbox 639 1799 701 1844; x_wconf 90' lang='lat' dir='ltr'>ad</span> <span class='ocrx_word' id='word_1_135' title='bbox 723 1817 881 1845; x_wconf 83' lang='lat' dir='ltr'>meam</span> <span class='ocrx_word' id='word_1_136' title='bbox 908 1818 1011 1847; x_wconf 89' lang='lat' dir='ltr'>rem</span> <span class='ocrx_word' id='word_1_137' title='bbox 1042 1801 1211 1860; x_wconf 86' lang='lat' dir='ltr'>refert,</span> <span class='ocrx_word' id='word_1_138' title='bbox 1236 1803 1348 1849; x_wconf 77' lang='lat' dir='ltr'>Per-⁰.</span> 
     </span>
     <span class='ocr_line' id='line_1_24' title="bbox 325 1872 958 1937; baseline 0.008 -21"><span class='ocrx_word' id='word_1_139' title='bbox 325 1889 397 1917; x_wconf 87' lang='lat' dir='ltr'>sae</span> <span class='ocrx_word' id='word_1_140' title='bbox 428 1872 549 1932; x_wconf 91' lang='lat' dir='ltr'>quid</span> <span class='ocrx_word' id='word_1_141' title='bbox 578 1889 739 1918; x_wconf 90' lang='lat' dir='ltr'>rerum</span> <span class='ocrx_word' id='word_1_142' title='bbox 767 1886 958 1937; x_wconf 85' lang='lat' dir='ltr'>gerant,</span> 
     </span>
     <span class='ocr_line' id='line_1_25' title="bbox 67 1941 657 2005; baseline 0.002 -16"><span class='ocrx_word' id='word_1_143' title='bbox 67 1941 167 1990; x_wconf 90' lang='lat' dir='ltr'>Aut</span> <span class='ocrx_word' id='word_1_144' title='bbox 197 1943 317 2005; x_wconf 90' lang='lat' dir='ltr'>quid</span> <span class='ocrx_word' id='word_1_145' title='bbox 347 1945 484 1989; x_wconf 89' lang='lat' dir='ltr'>herus</span> <span class='ocrx_word' id='word_1_146' title='bbox 511 1954 619 1988; x_wconf 89' lang='lat' dir='ltr'>tuus</span> <span class='ocrx_word' id='word_1_147' title='bbox 635 1945 657 1990; x_wconf 84' lang='lat'>?</span> 
     </span>
     <span class='ocr_line' id='line_1_26' title="bbox 482 2022 920 2069; baseline 0 -1"><span class='ocrx_word' id='word_1_148' title='bbox 482 2036 514 2068; x_wconf 78' lang='grc' dir='ltr'>Τ</span> <span class='ocrx_word' id='word_1_149' title='bbox 550 2037 583 2068; x_wconf 95' lang='lat' dir='ltr'>o</span> <span class='ocrx_word' id='word_1_150' title='bbox 598 2022 656 2069; x_wconf 84' lang='lat' dir='ltr'>’x</span> <span class='ocrx_word' id='word_1_151' title='bbox 689 2037 710 2068; x_wconf 94' lang='lat'>1</span> <span class='ocrx_word' id='word_1_152' title='bbox 745 2036 775 2069; x_wconf 89' lang='lat'>1.</span> <span class='ocrx_word' id='word_1_153' title='bbox 810 2036 847 2068; x_wconf 82' lang='lat' dir='ltr'>u</span> <span class='ocrx_word' id='word_1_154' title='bbox 884 2036 920 2069; x_wconf 89' lang='lat' dir='ltr'>s.</span> 
     </span>
     <span class='ocr_line' id='line_1_27' title="bbox 230 2095 1344 2156; baseline 0.004 -15"><span class='ocrx_word' id='word_1_155' title='bbox 230 2095 355 2143; x_wconf 91' lang='lat' dir='ltr'>Tace</span> <span class='ocrx_word' id='word_1_156' title='bbox 366 2131 381 2153; x_wconf 88' lang='lat'>,</span> <span class='ocrx_word' id='word_1_157' title='bbox 399 2097 702 2156; x_wconf 86' lang='lat' dir='ltr'>stultiloque:</span> <span class='ocrx_word' id='word_1_158' title='bbox 722 2098 867 2142; x_wconf 86' lang='lat' dir='ltr'>nescis</span> <span class='ocrx_word' id='word_1_159' title='bbox 879 2131 893 2152; x_wconf 90' lang='lat'>‚</span> <span class='ocrx_word' id='word_1_160' title='bbox 913 2097 1033 2156; x_wconf 88' lang='lat' dir='ltr'>quid</span> <span class='ocrx_word' id='word_1_161' title='bbox 1055 2097 1196 2143; x_wconf 81' lang='lat' dir='ltr'>instet</span> <span class='ocrx_word' id='word_1_162' title='bbox 1211 2099 1344 2145; x_wconf 82' lang='lat' dir='ltr'>boni.</span> 
     </span>
     <span class='ocr_line' id='line_1_28' title="bbox 67 2167 1341 2229; baseline 0.005 -15"><span class='ocrx_word' id='word_1_163' title='bbox 67 2167 408 2229; x_wconf 85' lang='lat' dir='ltr'>Nequidquam</span> <span class='ocrx_word' id='word_1_164' title='bbox 424 2170 512 2215; x_wconf 90' lang='lat' dir='ltr'>tibi</span> <span class='ocrx_word' id='word_1_165' title='bbox 540 2169 727 2215; x_wconf 85' lang='lat' dir='ltr'>fortuna</span> <span class='ocrx_word' id='word_1_166' title='bbox 749 2169 950 2216; x_wconf 84' lang='lat' dir='ltr'>faculam</span> <span class='ocrx_word' id='word_1_167' title='bbox 979 2171 1233 2219; x_wconf 74' lang='lat' dir='ltr'>luctificam</span> <span class='ocrx_word' id='word_1_168' title='bbox 1260 2174 1341 2222; x_wconf 55' lang='lat' dir='ltr'>ad«</span> 
     </span>
     <span class='ocr_line' id='line_1_29' title="bbox 318 2233 1042 2288; baseline 0.01 -3"><span class='ocrx_word' id='word_1_169' title='bbox 318 2241 476 2288; x_wconf 83' lang='lat' dir='ltr'>lucere</span> <span class='ocrx_word' id='word_1_170' title='bbox 503 2244 619 2288; x_wconf 81' lang='lat' dir='ltr'>volt.</span> <span class='ocrx_word' id='word_1_171' title='bbox 1035 2233 1042 2238; x_wconf 44' lang='grc'><em>’</em></span> 
     </span>
     <span class='ocr_line' id='line_1_30' title="bbox 447 2306 981 2362; baseline 0.002 -3"><span class='ocrx_word' id='word_1_172' title='bbox 447 2306 490 2359; x_wconf 64' lang='lat' dir='ltr'>ai</span> <span class='ocrx_word' id='word_1_173' title='bbox 527 2327 560 2359; x_wconf 95' lang='lat' dir='ltr'>o</span> <span class='ocrx_word' id='word_1_174' title='bbox 598 2328 631 2362; x_wconf 82' lang='lat' dir='ltr'>R</span> <span class='ocrx_word' id='word_1_175' title='bbox 664 2328 702 2360; x_wconf 87' lang='lat' dir='ltr'><strong>D</strong></span> <span class='ocrx_word' id='word_1_176' title='bbox 737 2327 771 2360; x_wconf 91' lang='lat' dir='ltr'>A</span> <span class='ocrx_word' id='word_1_177' title='bbox 803 2327 837 2360; x_wconf 86' lang='lat'>1.</span> <span class='ocrx_word' id='word_1_178' title='bbox 874 2327 911 2360; x_wconf 84' lang='lat'>11</span> <span class='ocrx_word' id='word_1_179' title='bbox 945 2328 981 2361; x_wconf 82' lang='lat' dir='ltr'>s.</span> 
     </span>
     <span class='ocr_line' id='line_1_31' title="bbox 73 2386 924 2456; baseline 0.005 -24"><span class='ocrx_word' id='word_1_180' title='bbox 73 2387 209 2456; x_wconf 70' lang='lat' dir='ltr'>Quae</span> <span class='ocrx_word' id='word_1_181' title='bbox 234 2386 373 2441; x_wconf 52' lang='lat' dir='ltr'>istaec,</span> <span class='ocrx_word' id='word_1_182' title='bbox 396 2386 587 2434; x_wconf 86' lang='lat' dir='ltr'>fortuna</span> <span class='ocrx_word' id='word_1_183' title='bbox 613 2390 817 2437; x_wconf 88' lang='lat' dir='ltr'>lucrifica</span> <span class='ocrx_word' id='word_1_184' title='bbox 833 2391 887 2436; x_wconf 85' lang='lat' dir='ltr'>’st</span> <span class='ocrx_word' id='word_1_185' title='bbox 900 2390 924 2436; x_wconf 73' lang='grc' dir='ltr'>Ρ</span> 
     </span>
    </p>
   </div>
   <div class='ocr_carea' id='block_1_5' title="bbox 966 2463 1134 2529">
    <p class='ocr_par' dir='ltr' id='par_1_8' title="bbox 966 2463 1134 2529">
     <span class='ocr_line' id='line_1_32' title="bbox 966 2463 1134 2529; baseline 0 0"><span class='ocrx_word' id='word_1_186' title='bbox 966 2463 1068 2529; x_wconf 52' lang='grc' dir='ltr'>Ως</span> <span class='ocrx_word' id='word_1_187' title='bbox 1105 2475 1134 2512; x_wconf 73' lang='lat'><em>2</em></span> 
     </span>
    </p>
   </div>
  </div>
 </body>
</html>
