1618 2866
109 224 231 282 14⁵
361 190 691 264 ''AchUS
740 212 870 259 111.
917 210 1025 260 sc.
1069 212 1147 258 11.
1301 211 1396 276 289

320 310 1072 370 'PAS1co'MPSA.

112 396 281 504 Quid,
312 395 508 442 dentes?
871 434 876 440 .

416 481 447 513 1.
485 479 520 513 Y
556 478 579 512 s
615 479 637 512 1
673 480 717 513 M
753 480 789 512 A
825 478 853 511 c
889 477 925 511 Η
960 478 997 512 u
1032 477 1072 512 s.

243 543 376 590 Nihil
411 553 500 588 est:
534 557 732 603 sequere
765 541 821 587 sis
843 541 940 588 huc
962 557 1056 586 me.
1091 539 1221 586 diem
1243 555 1401 588 unum

1117 613 1268 660 oravit

117 691 183 737 Ut
216 689 348 752 apud
382 705 463 734 me
493 687 821 750 praehiberem
858 687 1053 737 locum.
1098 685 1209 733 ideo
1225 720 1240 744 ,
1288 687 1402 748 quia

370 779 494 810 uxor
519 779 617 808 run
644 773 725 810 est.

477 888 867 936 SCENA
931 889 1030 936 11.

516 1030 995 1064 'DEMIPHQ

118 1085 271 1200 TA
286 1161 463 1196 NDEM
491 1147 748 1209 inpetravi,
779 1157 835 1192 ut
861 1157 1051 1210 egomet
1074 1163 1154 1194 me
1178 1162 1404 1194 contum-

374 1239 551 1283 perem.
1249 1218 1253 1221 ’

121 1297 264 1343 Emta
290 1307 358 1341 est
386 1285 534 1342 amica
566 1295 687 1341 clam
711 1309 862 1340 uxore
893 1309 1000 1339 mea
1029 1305 1078 1340 et
1112 1295 1226 1340 filio.

123 1370 323 1423 Certum
340 1370 421 1427 ’st,
452 1369 649 1429 antiqua
677 1368 883 1413 recolam
902 1401 917 1423 ,
949 1378 998 1413 et
1023 1366 1209 1413 servibo
1235 1368 1372 1414 mihi.

122 1441 365 1488 Decurso
354 1456 404 1485 1n
424 1440 598 1501 spatio,
615 1439 761 1484 breve
779 1438 917 1499 quod
934 1439 1057 1484 vitae
1075 1439 1403 1500 reliquom’st,

123 1512 414 1574 Voluptate,
439 1511 554 1557 vino
585 1521 632 1555 et
661 1527 821 1555 amore
852 1510 1162 1556 delectavere.

123 1582 249 1629 Nam
278 1585 400 1629 hanc
421 1599 468 1629 se
500 1583 626 1628 bene
653 1583 826 1628 habere
856 1594 1060 1628 aetatem
1089 1568 1241 1629 nimio
1260 1585 1315 1629 ’st
1334 1601 1408 1630 ae-

378 1657 533 1718 quius.

126 1726 413 1775 Adulescens
452 1746 608 1790 quom
656 1729 712 1774 sis
727 1763 742 1787 ‚
777 1739 885 1774 tum
928 1745 1083 1790 quom
1121 1740 1189 1775 est
1226 1728 1413 1793 sanguis

377 1804 558 1867 integer
577 1838 592 1861 ‚

127 1876 217 1924 Rei
239 1870 677 1939 tuaequaerendae
704 1879 931 1924 convenit
956 1895 1150 1939 operam
1177 1877 1310 1923 dare:

129 1950 346 1997 Demum
382 1952 524 2015 igitur
556 1968 711 2012 quom
741 1968 887 1997 senex
918 1951 1000 2008 sis,
1039 1963 1156 1996 tunc
1175 1952 1227 1996 in
1259 1951 1417 1997 otium

132 2020 207 2066 Te
242 2023 458 2068 conloces
476 2057 491 2080 ,
530 2023 650 2069 dum
680 2034 919 2085 potestur:
961 2023 1012 2068 id
1036 2025 1138 2087 jam
1169 2025 1302 2068 lucro
1330 2024 1388 2067 ’st

134 2092 292 2160 Quod
314 2094 443 2141 vivis.
480 2097 574 2143 hoc
608 2108 664 2143 ut
693 2097 801 2142 dico
821 2131 835 2153 ‚
867 2095 996 2141 factis
1031 2113 1298 2158 persequar.

133 2165 320 2211 Interea
332 2176 493 2213 tamen
518 2170 615 2214 huc
640 2170 767 2214 intro
786 2169 847 2215 ad
868 2185 948 2213 me
975 2168 1176 2214 invisam
1198 2168 1417 2214 domum.

136 2235 270 2282 Uxor
299 2253 379 2282 me
409 2252 645 2300 exspectat
671 2240 964 2305 jamdudum
998 2241 1203 2286 esuriens
1237 2239 1386 2286 domi.

134 2309 242 2367 Jam
270 2308 429 2372 jurgio
455 2311 686 2370 enicabit‚
716 2314 753 2358 si
777 2314 903 2358 intro
932 2313 1131 2358 rediero.
1287 2373 1292 2376 Ι

55 2388 61 2394 ”
137 2380 324 2430 ‘Verum
358 2381 513 2427 hercle
548 2395 789 2445 postremo
819 2397 935 2433 utut
967 2397 1063 2444 est,
1099 2402 1203 2432 non
1234 2384 1318 2430 ibo
1351 2394 1422 2429 ta-

394 2471 506 2500 men
522 2489 537 2514 ,

208 2519 298 2567 Vol.
331 2520 396 2565 II.
634 2534 637 2539 ·
1166 2521 1211 2566 Τ
