1618 2866
98 189 224 234 *43
412 170 700 220 ACTUS
748 172 786 218 Ι.
836 169 943 219 SC.
990 172 1029 218 1.
1308 172 1367 223 81

485 285 972 324 EPIDICUs.

101 358 506 406 Cut'eamemit?

486 449 988 485 THESPRIO.

392 517 743 566 Animicaussa.

494 609 988 644 EPIDIGUS.

542 677 682 746 Quot
707 677 801 723 illic
824 677 973 723 homo
995 677 1175 725 animos
1198 680 1375 729 habet?

102 751 227 798 Nam
250 720 403 808 cei-te,
439 749 718 811 priusquam
750 750 862 796 hinc
892 750 955 796 ad
987 751 1227 815 legionem
1260 754 1376 802 abiit

354 821 504 868 domo
522 854 539 879 ,

103 897 209 959 Ipse
233 896 476 943 mandavit
502 896 655 955 mihi,
683 895 744 942 ab
772 897 948 943 lenone
975 907 1031 943 ut
1061 897 1251 944 fidicina
1265 933 1281 956 ,

107 969 271 1038 Quam
294 969 480 1015 amabat
496 1003 510 1026 ,
541 979 775 1015 emeretur
802 968 902 1014 sibi.
938 965 990 1014 id
1016 969 1059 1015 ei
1087 969 1380 1031 inpetratum

354 1039 557 1086 reddidi.

490 1133 522 1166 Τ
556 1132 594 1166 11
627 1132 657 1166 Ε
695 1132 718 1166 s
754 1133 783 1166 P
819 1134 855 1168 R
888 1134 994 1169 Lo.

106 1198 383 1261 Utcumque
411 1200 460 1245 in
483 1201 579 1245 alto
600 1211 772 1247 ventus
798 1212 866 1248 est
880 1235 895 1259 ,
913 1201 1137 1264 Epidice‚
1160 1204 1271 1251 exin
1291 1221 1375 1254 ve-

360 1273 466 1318 lum
493 1273 710 1319 vortitur.

493 1362 524 1396 E
559 1363 588 1396 P
623 1364 646 1396 1
681 1365 716 1397 n
752 1364 774 1397 1
808 1364 836 1397 c
871 1365 908 1398 u
944 1364 982 1399 s.

106 1428 207 1476 Vae
230 1431 399 1479 misero
422 1431 567 1477 mihi!
594 1433 718 1478 male
741 1432 949 1494 perdidit
966 1450 1059 1481 me.

494 1525 528 1558 Τ
561 1525 598 1558 u
635 1526 667 1559 E
703 1525 726 1559 s
764 1526 791 1558 P
828 1527 862 1560 R
892 1528 913 1560 1
950 1528 998 1561 o.

683 1594 822 1664 Quid
844 1595 998 1642 istuc?
1022 1596 1255 1658 quidnam
1280 1598 1379 1645 eet?

497 1686 530 1720 E
562 1685 592 1720 P
629 1687 651 1720 1
687 1688 723 1719 D
758 1687 780 1720 1
814 1687 842 1720 c
879 1687 914 1720 U
949 1687 990 1722 s.

107 1754 280 1826 Quid?
298 1755 441 1804 istanc
464 1771 612 1817 quam
637 1756 779 1813 emit,
798 1756 966 1816 quanti
982 1773 1087 1804 eam
1105 1759 1253 1807 emit?

496 1846 529 1880 Τ
563 1851 598 1884 11
631 1848 661 1882 Ε
698 1847 721 1883 s
755 1849 785 1882 P
822 1849 856 1885 R
888 1848 911 1883 1
946 1850 994 1884 o.

751 1917 861 1964 Vili.

505 1998 539 2032 E
572 1998 601 2033 P
636 1999 658 2033 1
693 2001 730 2034 D
764 2001 786 2033 1
822 2002 850 2034 G
886 2001 922 2036 U
954 2000 992 2035 S.

871 2069 1018 2115 Haud
1038 2069 1158 2118 istuc
1185 2079 1234 2117 te
1255 2085 1386 2135 rogo·

498 2160 531 2193 T
565 2152 601 2193 Η
633 2160 664 2194 Ε
701 2160 723 2195 s
758 2162 787 2194 P
822 2162 857 2196 R
893 2162 916 2196 1
950 2163 998 2196 o.

118 2215 255 2286 Quid
281 2216 452 2280 igitur?

498 2314 530 2347 E
564 2314 593 2346 Ρ
627 2315 650 2347 1
682 2316 719 2348 D
754 2317 777 2351 1
812 2316 839 2350 c
875 2316 911 2351 u
945 2317 985 2352 s.

406 2379 543 2452 Quot
562 2386 739 2431 minis?

186 2453 273 2500 Vol.
308 2453 372 2499 ῙΙ.
1161 2459 1200 2504 F
