1618 2866
1292 184 1373 228 147

291 313 1179 392 ARGUMENTUM

406 447 506 510 (Ut
538 446 823 508 quibusdam
848 447 1072 510 videtur)

493 575 984 619 PRISCIANI.

171 686 490 734 MERcAToR
519 682 719 730 Siculus,
758 683 829 727 cui
862 693 987 727 erant
1013 685 1181 744 gemini
1198 685 1319 748 filii.

108 752 190 802 Ei,
226 761 422 814 surrepto
456 749 611 796 altero,
638 765 752 792 mors
782 747 949 809 obtigit.

108 817 272 864 Nomen
295 816 540 879 surrepticii
564 813 632 859 illi
660 812 795 860 indit,
824 815 897 876 qui
926 813 1039 858 domi
1069 825 1159 863 est,

104 882 226 929 Avus
244 891 479 945 paternus,
499 878 623 943 facit
640 878 964 924 Menaechmum
993 879 1208 926 Sosiclem.
1275 885 1278 887 ’

53 989 57 991 ,
107 945 168 994 Et
193 948 231 992 is
244 962 527 1007 germanum,
557 955 782 1007 postquam
807 943 1020 992 adolevit,·
1039 947 1257 1006 quaeritat

110 1010 284 1056 Circum
298 1027 438 1055 omnes
458 1025 568 1053 oras.
593 1019 695 1071 post
715 1006 1000 1070 Epidamnum
1035 1009 1223 1055 devenit.-

108 1075 199 1122 Hic
209 1074 371 1139 fuerat
396 1085 548 1119 auctus
574 1073 647 1118 ille
674 1074 965 1135 surrepticius.

109 1139 431 1185 Menaechmum
456 1139 586 1184 civem
619 1137 797 1183 credunt
819 1131 959 1182 omne}
982 1137 1213 1185 advenam:

112 1203 300 1266 Eumque
332 1203 574 1267 appellant,
603 1202 835 1249 meretrix.
871 1219 1010 1261 uxor]³
1045 1215 1087 1248 et
1120 1220 1251 1249 socer.

114 1268 158 1314 Ii
179 1285 223 1313 se
252 1278 507 1328 cognoscunt
519 1267 695 1331 fratres
715 1277 928 1330 postremo
957 1269 1148 1314 invicem.

178 1394 505 1442 ALIUD
576 1389 1328 1444 ARGUMENTUM

475 1512 1014 1554 cAMERARu.

181 1631 237 1678 H
246 1639 320 1686 UJ
333 1643 414 1679 υς
443 1644 747 1694 argumentum
774 1631 965 1679 Fabulae
983 1645 1220 1680 venustum·
1234 1644 1323 1681 est,
1354 1644 1396 1678 et

116 1700 326 1746 'varietate
361 1698 545 1761 quadam
578 1698 855 1747 delectabile,
888 1715 994 1761 quae
1033 1699 1082 1743 de
1117 1698 1398 1744 similitudine

118 1765 315 1809 nascitur
335 1766 603 1824 geminorum
607 1762 824 1826 fratrum.
852 1764 971 1809 Nam
988 1765 1283 1826 Sytacusanus
1300 1765 1398 1825 qui-

229 1863 244 1875 ,
267 1843 363 1873 cum
387 1845 440 1874 ex
470 1846 549 1873 sua
574 1845 708 1873 uxore
722 1831 915 1890 geminos
939 1832 1188 1894 suscepisset
1218 1829 1396 1876 liberos.

122 1893 236 1950 interf
255 1909 298 1938 se
313 1893 571 1940 simillimos,
600 1905 642 1937 et
670 1911 800 1938 unum
831 1911 884 1939 ex
911 1894 978 1939 llis
1004 1895 1232 1940 abductum
1253 1897 1396 1942 secum

125 1955 186 2000 ad
211 1963 444 2003 mercatum
473 1959 709 2003 amisisset:
745 1959 857 2003 alter
887 1977 969 2005 non
1000 1960 1284 2005 desistendum
1307 1975 1396 2022 pu·-

127 2021 262 2069 tavit,
289 2021 387 2067 dum
405 2025 655 2086 requisitum
683 2024 807 2068 illum
832 2026 1051 2071 inveniret.
1091 2025 1212 2070 Venit
1229 2023 1402 2069 tandem

129 2081 448 2143 Epidamnum
466 2121 482 2144 ,
520 2105 628 2150 quae
658 2088 835 2150 Illyriae
874 2091 973 2134 urbs
1015 2089 1334 2152 Dynachium
1371 2105 1400 2131 a

131 2146 251 2191 Rom.
285 2151 495 2276 alpfflellata
514 2151 628 2216 fuit.
664 2153 723 2198 ibi
752 2165 794 2198 et
820 2154 871 2198 ab
895 2157 1063 2202 amica,
1096 2166 1138 2200 et
1165 2170 1323 2199 uxore,
1358 2162 1401 2196 et

132 2227 272 2256 socero
324 2217 455 2260 ratris
478 2218 746 2280 appellatur,
772 2222 895 2281 quasi
917 2220 989 2265 ille
1010 2222 1094 2283 ipse
1117 2231 1234 2265 esset.
1281 2216 1325 2260 T
1321 2233 1402 2260 an·-

136 2275 229 2320 dem
246 2289 347 2340 post
359 2279 611 2343 multiplices
634 2282 965 2346 ludificationes,
994 2297 1035 2330 et
1055 2284 1281 2330 nonnullas
1306 2292 1401 2324 tur-⁴

139 2339 240 2387 bas,
271 2345 514 2402 agnoscitur
541 2349 711 2408 uterque
730 2366 758 2394 a
782 2366 925 2397 servo.-
955 2362 997 2396 et
1025 2367 1071 2395 re
1082 2350 1232 2413 palam
1246 2345 1402 2410 factm

138 2420 285 2452 servus
314 2405 507 2454 libertate
526 2409 720 2457 donatur.

1095 2481 1189 2529 KQ
