1618 2866
99 157 259 211 2128
389 148 680 200 ACTUS
731 146 855 194 111.
906 143 1012 192 SC.
1054 144 1132 189 ΙΙ.
1273 152 1375 224 6597,

550 266 933 304 rnAnro.

626 326 989 376 Nummoror?

397 394 1110 457 rutunoprn'sss.

1014 477 1287 540 Subsequor
1318 490 1379 528 te.

557 559 589 592 Τ
624 560 658 594 R
691 558 727 592 A
761 557 795 590 N
830 557 851 590 1
889 556 939 589 o.

116 620 270 666 Senex
297 618 395 680 ipse
424 630 472 664 te
503 629 612 664 ante
642 618 816 664 ostium
843 632 1010 663 eccum
1030 616 1285 678 opperitur.

114 693 211 740 Sed
237 705 435 740 maestus
466 705 532 739 est
563 710 610 738 se
642 693 775 739 hasce
807 691 1085 739 vendidisse.
1127 685 1138 691 ”

402 781 1116 817 THEUROPIDES.

26 892 53 899 „⁷
110 844 247 914 Quid
271 843 500 891 tandem?

569 919 600 952 Τ
635 912 669 953 R'
704 919 738 951 A
773 919 806 951 N
841 918 862 950 1
900 919 947 952 O.

547 975 664 1025 Or'at
683 1013 697 1036 ,
722 990 778 1024 ut
805 978 1023 1023 suadeam
1049 979 1385 1038 Philolacheti,

102 1053 180 1099 'Ut
205 1053 307 1097 istas
330 1051 540 1096 remittat
565 1050 665 1094 sibi.

407 1142 1121 1177 THEUROPIDES.

321 1262 326 1269 .
693 1201 839 1247 Haud
871 1202 1054 1263 opinor.

118 1275 219 1323 Sibi
249 1274 451 1336 quisque
482 1275 576 1320 ruri
613 1274 764 1320 metit.
800 1274 836 1318 si
867 1275 989 1319 male
1020 1286 1172 1321 emtae

118 1349 323 1407 Forent‚
354 1348 490 1394 nobis
517 1349 618 1402 istas
650 1348 897 1394 redhibere
932 1348 1061 1395 haud
1089 1349 1261 1395 liceret.

121 1421 264 1468 Lucri
285 1421 527 1483 'quidquid
549 1432 644 1476 est,
671 1419 722 1464 id
749 1419 951 1466 domum
980 1421 1157 1466 trahere
1188 1432 1389 1482 oportet.

126 1496 459 1542 Misericordias
469 1495 570 1558 jam
589 1494 758 1539 habere
777 1493 905 1538 haud
921 1494 1168 1542 hominem
1191 1507 1396 1560 oportet.-

575 1586 952 1620 TRANIO.

123 1651 304 1698 Morare
324 1650 506 1706 hercle,
526 1664 679 1709 quom
702 1646 846 1692 verba
868 1645 990 1691 facis.
1016 1646 1312 1707 subsequere.

413 1742 1119 1776 THEUROPIDES.

259 1851 266 1853 .
1264 1794 1366 1840 Fiat
1382 1827 1396 1852 ,

126 1857 206 1906 Do
235 1859 325 1905 tibi
355 1875 443 1923 ego
474 1874 678 1919 operam.

581 1941 612 1973 T
647 1942 681 1974 R
713 1940 750 1973 A
782 1941 816 1974 Ν
851 1941 872 1973 1
908 1941 957 1974 o.

290 1999 444 2047 Senex
463 2000 556 2045 illic
573 2011 652 2045 est.
676 2000 815 2046 hem!
835 2000 1015 2047 adduxi
1031 2000 1121 2046 tibi
1138 2000 1396 2046 hominem.

642 2092 667 2126 s
700 2093 721 2125 1
757 2093 800 2126 M
838 2093 887 2125 o.

138 2151 327 2199 Salvom
361 2163 409 2197 te
442 2152 678 2198 advenisse
710 2168 902 2216 peregre
936 2151 1120 2216 gaudeo
1138 2187 1154 2210 ,
1185 2152 1403 2200 Theuro-

387 2225 533 2285 pides.

426 2308 1134 2349 THEUROPIDES.

137 2371 221 2421 Dii
245 2382 293 2419 te
316 2381 489 2418 ament.
