1618 2866
251 178 344 242 548
475 174 1274 228 MOSTELLARIA.
1406 183 1536 231 ma

770 298 793 332 s
829 298 851 331 1
886 298 931 333 M
966 298 1015 332 o.

253 364 367 411 Non
400 361 599 408 memini
629 359 830 422 quidem
865 360 1034 407 hercle.
1070 374 1266 418 verum,
1297 359 1334 406 si
1362 359 1533 420 debes,

507 433 641 480 cedo.

246 509 383 557 Fides
405 507 632 556 servanda
657 507 736 564 ’st,
766 522 829 552 ne
855 505 921 552 ire
949 505 1118 552 infitias
1145 504 1369 568 postule&

540 615 1258 651 THEUROPIDES.

254 678 476 727 Profecto
504 691 606 722 non
634 674 819 738 negabo
847 674 1047 733 debere,
1078 687 1126 722 et
1157 673 1297 723 dabo.

247 754 329 800 Tu
357 766 472 798 cave
505 747 813 812 quadraginta
841 748 1067 809 accepisse
1095 749 1206 796 hinc
1233 757 1296 796 ne
1316 765 1472 815 negeS.

768 848 791 882 s
826 848 847 880 1
883 847 926 880 Μ
965 848 1016 881 o.

250 914 446 983 Quaeso
465 909 639 972 edepol
653 910 748 955 huc
766 925 846 954 me
863 917 1070 969 aspecta,
1083 916 1131 954 et
1147 907 1379 971 responde
1395 908 1528 956 mihi.

248 985 323 1032 Te
350 985 474 1032 velle
508 1000 709 1030 uxorem
741 983 867 1029 aibat
897 994 984 1028 tuo
1015 993 1130 1029 nato
1162 982 1300 1042 daxe,

249 1059 369 1109 Ideo
396 1058 637 1105 aedificare
667 1057 780 1103 hinc
809 1057 932 1103 velle
966 1055 1126 1103 aibat
1114 1070 1166 1102 111
1194 1057 1301 1104 tuis.

540 1157 1254 1193 THEUROPIDES.

246 1218 375 1268 Hinc
399 1218 641 1266 aedificare
666 1219 836 1267 volui?
1123 1210 1131 1218 ’

761 1318 786 1353 S
821 1319 843 1351 1
879 1319 923 1352 M
960 1318 1012 1352 Ο.

855 1378 931 1425 Sic
959 1378 1080 1425 dixit
1102 1379 1235 1426 mihi.

540 1470 1256 1509 THEUROPIDES.

246 1538 343 1585 Hei
371 1537 521 1595 mihi,
550 1535 760 1598 disperii!
787 1533 916 1581 vocis
948 1549 1051 1578 non
1076 1533 1229 1579 habeo
1259 1531 1376 1578 satiS.

244 1610 293 1662 V
293 1610 403 1657 icini
422 1645 436 1669 ‚
465 1609 619 1657 interii
636 1644 652 1668 ‚
685 1607 827 1671 perii!

558 1681 566 1689 ⁰
762 1705 786 1740 s
822 1705 843 1738 1
880 1705 923 1740 M
960 1705 1008 1738 0.

858 1763 1113 1825 Numquid
1142 1762 1320 1810 Tranio

243 1831 510 1879 Turbavit?

534 1903 1241 1941 THEUROPIDES.

535 1969 693 2014 Immo
726 1967 994 2026 exturbavit
1021 1966 1195 2012 omnia.

238 2043 313 2090 Te
341 2041 608 2089 ludificatus
635 2051 702 2088 est
727 2050 775 2086 et
803 2054 881 2085 me
903 2037 1047 2084 hodie
1075 2037 1278 2102 indignis
1310 2036 1480 2084 modis.

758 2138 784 2173 S
817 2137 838 2170 1
874 2138 915 2170 M
953 2137 1003 2170 Ο.

239 2192 381 2262 Quid
407 2203 462 2239 tu
493 2192 588 2238 ais?
1257 2198 1276 2218 ⁶

530 2285 563 2318 T
598 2284 633 2318 H
668 2285 699 2318 E
736 2283 773 2317 U
806 2285 839 2318 R
874 2283 906 2317 Ο
944 2283 972 2316 P
1010 2283 1032 2316 I
1068 2285 1103 2317 D
1138 2284 1167 2322 E
1206 2285 1247 2319 S·

597 2345 727 2390 Haec
754 2361 823 2390 res
848 2344 911 2390 sic
939 2345 1034 2402 est,'
1069 2355 1123 2390 ut
1153 2360 1289 2391 narro
1315 2345 1418 2390 tibi.

241 2419 317 2467 Te
328 2416 596 2466 ludificatus
609 2428 657 2464 et
669 2433 748 2464 me
765 2416 909 2464 hodie
927 2417 978 2463 in
995 2428 1284 2480 perpetuum
1295 2414 1508 2463 modum.
1578 2443 1579 2446 =
