1618 2866
63 149 193 212 ηε
302 128 594 197 Αετυε
649 147 750 195 1v.
806 146 1135 196 sc.v111.
1252 164 1349 210 455

386 270 415 303 P
452 270 484 302 A
523 270 552 302 1.
588 269 622 301 A
656 269 686 301 Ε
724 269 746 302 s
785 269 816 301 'r
854 269 887 302 R
925 268 945 301 1
983 269 1034 301 ο.

417 329 618 375 Animus
647 330 766 375 hanc
788 328 938 375 modo
967 329 1044 375 hic
1078 329 1346 390 reliquerat.

63 403 332 464 Metuoque
363 414 411 448 et
448 403 595 449 timeo
611 438 624 461 ,
655 420 718 449 ne
746 403 838 448 hoc
872 402 1067 448 tandem
1102 403 1347 465 propalam

316 475 396 521 fiat
424 474 577 521 nimis.

256 568 1175 616 ,ΡΥιιοοΡοιιΝῙαΕε

65 628 204 700 Quid
233 629 284 677 id
314 629 412 675 est?

382 714 411 747 P
448 712 483 746 A
520 712 550 745 L
587 711 622 744 A
657 711 687 743 E
725 711 748 744 S
786 711 819 743 T
853 712 887 745 R
926 711 947 743 I
986 711 1034 744 O.

193 775 293 822 Nos
320 773 583 821 secundum
614 770 731 817 ferre
758 789 889 819 nunc
919 789 1006 834 per
1034 771 1206 819 urbem
1232 771 1349 819 haec

35 906 38 908 ,
895 846 1081 904 omnia,

63 912 138 959 Ne
156 912 260 974 quis
278 911 366 958 tibi
387 911 479 956 hoc
500 911 616 956 vitio
635 921 804 957 vortat.

261 1002 1171 1040 PYRGOPOLINJcEs.

707 1063 841 1119 Mea,
868 1078 970 1108 non
997 1063 1190 1109 illorum
1216 1062 1342 1109 dedi.

8 1177 10 1179 ,
67 1135 203 1183 Parvi
229 1152 317 1200 ego
350 1136 454 1181 illos
477 1133 633 1181 'facioz
663 1136 784 1200 agite
801 1170 816 1194 ,
844 1135 909 1182 ite
938 1152 1051 1182 cum
1066 1136 1168 1182 Diis
1195 1136 1345 1182 bene-

324 1209 608 1256 volentibus.

387 1296 415 1328 P
456 1295 489 1327 A
526 1295 556 1327 L
593 1294 628 1326 A
665 1294 695 1327 Ε
732 1294 755 1328 s
793 1295 824 1327 T
860 1296 893 1329 R
929 1294 950 1345 ξ
988 1294 1041 1328 ο.

63 1355 171 1403 Tua
195 1372 283 1421 ego
305 1356 398 1401 hoc
417 1372 568 1401 caussa
596 1354 720 1400 dico.

257 1445 1156 1482 PYRGOPOLINIGES.

358 1551 368 1557 ,
643 1505 813 1552 Credo.

381 1590 1023 1626 PALAESTRIO.

738 1651 992 1709 Jamvale.

257 1741 1163 1779 PYRGOPOLINICES.

916 1806 977 1851 Et
1000 1816 1055 1850 tu
1077 1804 1203 1850 bene
1221 1805 1339 1852 vale.

384 1888 413 1921 P
449 1887 484 1920 A
519 1888 551 1921 L
590 1888 624 1921 A
659 1889 690 1921 E
728 1889 750 1923 S
786 1890 818 1922 T
852 1891 886 1923 R
920 1891 941 1923 1
978 1891 1026 1923 Ο.

65 1946 137 1991 Ite
163 1947 270 1993 cito.
288 1947 390 2011 jam
415 1965 504 2012 ego
535 1966 747 2010 assequar
769 1967 874 1997 vos:
909 1968 1020 1996 curn
1046 1951 1159 1996 hero
1186 1966 1339 2011 pauca.

315 2021 456 2066 etiam
481 2022 661 2081 loquar.

62 2090 375 2158 Quamquam
395 2093 507 2139 alios
534 2093 765 2140 fideliores
788 2111 971 2155 semper
996 2088 1198 2138 habui'sti
1216 2092 1334 2148 tibi,

66 2163 229 2230 Quam
256 2178 362 2218 me,
390 2174 550 2210 tamen
579 2166 670 2211 tibi
698 2166 852 2211 habeo
885 2181 1106 2229 magnam
1141 2165 1335 2228 gratiam

316 2250 471 2281 rerum
500 2255 744 2284 ommum:

65 2306 154 2360 Et,
181 2303 217 2348 si
245 2304 308 2348 ita
331 2308 559 2352 sententia
593 2321 735 2367 esset,
766 2310 860 2356 tibi
882 2312 1061 2357 servir&>
1077 2310 1301 2358 mavelim

66 2378 253 2435 Multo,
284 2394 430 2438 quam
455 2379 532 2423 alii
560 2381 754 2427 libertus
787 2399 894 2429 esse.

981 2456 1019 2500 F
1036 2455 1062 2500 f
1087 2471 1116 2515 4
