1618 2866
271 179 363 226 αφ
526 165 1279 217 MENAECHMEL
1359 143 1556 237 'my

661 286 705 319 M
740 286 771 320 E
809 287 831 320 S
865 287 886 321 S
925 289 954 321 E
990 290 1022 323 N
1059 291 1080 323 Ῑ
1117 292 1166 325 Ο.

268 342 556 391 Adulescens
577 380 590 403 ‚
627 362 804 407 quaeso
834 348 991 396 hercle
1027 351 1227 412 loquere
1255 362 1399 399 tuum
1431 352 1552 398 mihi

525 435 738 478 nornen,
771 420 822 465 ni
845 422 991 487 piget.

430 512 1095 552 MENAECHMUS
1141 517 1373 571 surreptus.

264 571 379 619 Non
407 573 581 635 edepol
613 573 678 620 ita
710 577 1013 636 promeruisti
1046 578 1107 625 de
1136 595 1216 625 me
1236 613 1251 636 ‚
1281 589 1338 625 ut
1366 579 1552 644 pigeat,

515 663 645 709 quae
671 650 799 695 velis.

265 719 388 766 Mihi
414 731 482 767 est
516 721 858 769 Menaechmus
890 741 1086 772 nomen.

441 808 1105 845 MENAECHMUS
1153 801 1348 847 Sosicles.

1020 871 1180 918 Immo
1213 873 1388 934 edepol
1417 870 1577 919 mihi.¹

434 942 544 985 ΜἘ
578 952 613 986 N
647 954 681 986 A
719 955 750 987 E
790 956 816 988 C
854 956 890 988 H
925 956 968 988 M
1003 956 1038 989 U
1077 956 1100 990 s
1137 959 1371 1011 surreptus.

267 1011 452 1061 Siculus
481 1032 589 1061 sum
622 1015 951 1079 Syracusanus

457 1112 502 1146 M
536 1113 566 1145 E
604 1114 638 1147 N
675 1114 774 1147 ΑοΕ
813 1115 839 1147 c
876 1114 911 1147 H
946 1114 990 1148 M
1026 1114 1062 1147 u
1098 1115 1120 1149 s
1162 1102 1356 1148 Sosicles.

780 1175 847 1222 Ea
872 1175 1044 1221 domus
1076 1185 1124 1221 et
1153 1175 1302 1236 patria
1329 1185 1396 1221 est
1417 1173 1550 1220 mihi,

426 1259 1099 1295 MENAECHMUS
1141 1260 1375 1313 surreptus.

264 1317 402 1387 Quid
436 1335 524 1383 ego
553 1336 614 1365 ex
643 1331 690 1365 te
722 1321 905 1367 audio?

447 1401 1355 1446 MENAECHMUsSosicIes.

520 1471 630 1517 Hoc
658 1472 796 1532 quod
816 1489 889 1519 res
918 1484 997 1518 est.

633 1558 675 1590 M
712 1560 741 1591 E
779 1546 803 1593 s
839 1559 862 1593 s
897 1559 927 1592 E
965 1561 997 1592 N
1036 1560 1056 1592 1
1093 1560 1140 1592 ο.

532 1615 678 1666 'Novi
710 1619 939 1682 equidem
961 1620 1092 1665 hunc
1109 1638 1118 1664 :
1136 1619 1284 1664 herus
1304 1627 1371 1662 est
1396 1633 1545 1663 meus.

258 1696 361 1760 Ego
392 1694 591 1756 quidem
621 1696 763 1759 hujus
790 1711 943 1742 servos
966 1711 1098 1752 sum,
1126 1694 1313 1753 sedtme
1339 1709 1432 1739 esse
1455 1693 1548 1738 hu·-

503 1771 581 1833 jus
616 1769 808 1815 credidi.

255 1843 359 1907 Ego
396 1843 528 1888 hunc
563 1842 814 1888 censebam
848 1858 941 1887 esse
971 1840 1051 1900 te‘,
1083 1842 1196 1888 huic
1237 1841 1379 1887 etiam
1410 1841 1546 1886 exhi-

508 1915 595 1960 bui
633 1915 896 1979 negotium.

255 1988 445 2058 Quaeso
475 1987 716 2051 ignoscas,
750 1988 788 2032 si
817 1986 937 2047 quid
968 1988 1111 2032 stulte
1142 1986 1269 2043 dixi,
1293 1995 1441 2045 atque
1471 1984 1544 2030 in·-

506 2059 748 2122 prudenS,
781 2060 882 2106 tibi.

450 2130 1342 2177 MENAEchusSosicles.

234 2194 462 2254 ‘Delirare
493 2204 614 2252 mihi
650 2203 825 2251 videre.
872 2220 973 2250 non
1010 2205 1361 2251 conmeministi
1395 2206 1537 2251 simul

251 2275 325 2324 Te
353 2277 499 2325 hodie
533 2294 729 2324 mecum
757 2278 882 2323 exite
910 2294 936 2323 e
969 2278 1117 2323 navi?

286 2339 289 2342 ¹
427 2392 431 2397 .
635 2364 678 2398 Μ
712 2363 742 2396 E
780 2363 803 2396 s
845 2363 866 2396 s
905 2363 934 2396 E
973 2365 1005 2396 N
1043 2365 1063 2396 1
1101 2365 1149 2397 o.

493 2416 497 2418 V
563 2418 568 2420 s
789 2424 1046 2472 Enimvero
1073 2441 1281 2488 aequom
1307 2423 1530 2486 postulas.
