1618 2866
262 244 354 303 156
517 239 1252 290 MENAAECHMEI.
1408 256 1531 303 v.4·2

255 351 485 416 Litigium
503 351 557 396 ’st
581 350 669 396 tibi
699 366 813 395 curn
841 365 1003 396 uxore.
1037 350 1130 397 hoc
1147 350 1265 397 mihi
1291 350 1370 397 abs
1397 362 1445 397 te
1463 367 1538 397 ca·-

511 440 603 470 veo
640 435 835 471 caut1us.

556 524 600 555 M
639 524 668 555 E
704 524 736 555 N
773 523 808 555 A
845 523 875 555 Ε
913 523 939 556 c
975 522 1010 555 H
1046 521 1090 555 Μ
1123 522 1159 554 U
1197 521 1234 555 s.

255 585 390 632 Clam
409 600 610 631 uxorem
629 584 716 631 ubi
737 585 1007 645 sepulcrum
1027 583 1307 642 habeamus,
1329 594 1377 629 et
1397 583 1529 630 hunc

515 657 834 704 conburamus
857 657 997 702 diem.

606 736 1201 791 PENI‘CULuss

260 818 361 883 Age
399 834 506 865 sane
537 819 679 883 igitur
698 854 712 875 ‚
754 818 950 880 quando
986 835 1195 880 aequom
1225 835 1357 876 oras,
1395 833 1542 879 quam

513 905 634 939 mox
667 893 874 939 incendo
901 892 1110 955 rogum?

259 968 374 1015 Dies
408 967 608 1029 quidem
637 969 738 1032 jam
778 967 838 1013 ad
868 966 1156 1013 umbilicum
1183 968 1238 1014 'st
1270 965 1544 1012 dimidiatus

522 1054 755 1089 mortuus.

565 1133 607 1166 M
642 1134 672 1166 E
707 1133 741 1166 N
776 1132 812 1166 A
848 1132 878 1166 E
915 1132 941 1164 C
978 1131 1012 1165 H
1047 1132 1090 1164 Μ
1127 1131 1163 1164 U
1199 1129 1238 1164 S.

265 1196 338 1242 Te
369 1209 580 1253 morare,
602 1194 720 1240 mihi
745 1210 898 1255 quom
921 1192 1200 1254 obloquere.

626 1290 654 1323 Ρ
691 1290 720 1321 Ε
755 1290 788 1322 N
824 1289 843 1321 1
880 1289 906 1322 c
943 1287 978 1320 U
1013 1287 1043 1319 L
1081 1286 1117 1318 U
1153 1285 1190 1319 s.
1379 1328 1383 1334 .
1520 1309 1522 1311 ,

852 1349 1069 1395 Oculum
1089 1346 1286 1392 effodite
1308 1344 1548 1407 persolum

268 1425 421 1483 Mihi,
445 1425 755 1471 Menaechme
772 1456 786 1480 ‚
813 1423 850 1468 si
875 1423 1033 1468 ullum
1058 1421 1263 1468 verbum
1289 1419 1399 1466 faxo
1414 1453 1429 1478 ‚
1460 1417 1549 1463 nisi

525 1497 663 1559 quod
680 1497 877 1561 jusseris.

566 1584 610 1617 M
645 1584 676 1617 E
710 1583 744 1616 N
779 1582 815 1615 A
848 1582 879 1615 E
915 1582 942 1615 C
978 1580 1012 1614 Η
1046 1580 1090 1613 Μ
1124 1580 1160 1612 U
1197 1579 1235 1613 S·

275 1642 497 1691 Concede
515 1643 613 1690 huc
641 1660 668 1688 a
690 1642 882 1688 foribus.

618 1732 1195 1770 PENICULUS.

821 1796 935 1841 Fiat.

571 1891 616 1924 M
651 1890 680 1923 Ε
717 1891 751 1923 Ν
788 1889 823 1922 Α
857 1888 888 1921 E
924 1889 952 1921 c
988 1887 1022 1920 Η
1059 1887 1102 1920 Μ
1139 1885 1175 1918 U
1213 1884 1250 1918 s.

902 1948 1059 1994 Etiam
1085 1942 1295 1993 concede
1314 1942 1423 1989 huc.

645 2037 1202 2075 PENICULUS.

1410 2084 1573 2131 Licet.'

579 2181 623 2215 M
658 2181 687 2213 E
723 2182 756 2214 N
796 2181 830 2213 A
865 2179 895 2212 E
931 2178 958 2210 c
994 2177 1028 2210 Η
1065 2176 1107 2209 Μ
1143 2175 1176 2208 U
1215 2175 1254 2207 s.

282 2247 437 2295 Etiam
466 2260 596 2292 nunc
627 2241 836 2289 concede
863 2239 1081 2286 audacter
1109 2236 1167 2283 ab
1195 2233 1392 2281 leonino
1426 2245 1554 2277 cavo.

261 2376 266 2379 »
637 2347 664 2380 P
702 2346 732 2378 Ε
768 2347 802 2379 N
844 2345 863 2376 1
900 2343 927 2375 c
964 2342 999 2374 U
1036 2341 1065 2374 L
1103 2340 1138 2372 U
1175 2338 1211 2372 s.

285 2414 399 2462 Heu
432 2409 631 2472 edepol,
661 2422 749 2452 nae
777 2418 862 2461 tu,
900 2415 954 2450 ut
986 2418 1071 2467 ego
1102 2399 1300 2462 opinor,
1327 2410 1439 2443 esses
1467 2390 1559 2455 agi-

538 2493 660 2531 tator
690 2480 881 2542 probus.
