<?xml version="1.0" encoding="UTF-8"?>
<!DOCTYPE html PUBLIC "-//W3C//DTD XHTML 1.0 Transitional//EN"
    "http://www.w3.org/TR/xhtml1/DTD/xhtml1-transitional.dtd">
<html xmlns="http://www.w3.org/1999/xhtml" xml:lang="en" lang="en">
 <head>
  <title>
</title>
<meta http-equiv="Content-Type" content="text/html;charset=utf-8" />
  <meta name='ocr-system' content='tesseract 3.04.00' />
  <meta name='ocr-capabilities' content='ocr_page ocr_carea ocr_par ocr_line ocrx_word'/>
</head>
<body>
  <div class='ocr_page' id='page_1' title='image "./comoediaesuperst02plauuoft_0338.png"; bbox 0 0 1618 2866; ppageno 0'>
   <div class='ocr_carea' id='block_1_1' title="bbox 234 179 1522 249">
    <p class='ocr_par' dir='ltr' id='par_1_1' title="bbox 234 179 1522 249">
     <span class='ocr_line' id='line_1_1' title="bbox 234 179 1522 249; baseline 0.008 -17"><span class='ocrx_word' id='word_1_1' title='bbox 234 192 339 249; x_wconf 70' lang='lat'>330</span> <span class='ocrx_word' id='word_1_2' title='bbox 557 179 1071 233; x_wconf 77' lang='lat' dir='ltr'>MER&#39;CATO</span> <span class='ocrx_word' id='word_1_3' title='bbox 1099 182 1158 236; x_wconf 69' lang='lat' dir='ltr'>R.</span> <span class='ocrx_word' id='word_1_4' title='bbox 1382 203 1428 238; x_wconf 83' lang='lat' dir='ltr'>v.</span> <span class='ocrx_word' id='word_1_5' title='bbox 1461 191 1522 243; x_wconf 80' lang='lat'>18</span> 
     </span>
    </p>
   </div>
   <div class='ocr_carea' id='block_1_2' title="bbox 233 300 1559 1765">
    <p class='ocr_par' dir='ltr' id='par_1_2' title="bbox 233 300 1559 1765">
     <span class='ocr_line' id='line_1_2' title="bbox 533 300 1194 339; baseline 0.005 -3"><span class='ocrx_word' id='word_1_6' title='bbox 533 303 564 336; x_wconf 84' lang='grc' dir='ltr'>Ι.</span> <span class='ocrx_word' id='word_1_7' title='bbox 605 303 639 335; x_wconf 88' lang='lat' dir='ltr'>Y</span> <span class='ocrx_word' id='word_1_8' title='bbox 674 303 696 336; x_wconf 90' lang='lat' dir='ltr'>S</span> <span class='ocrx_word' id='word_1_9' title='bbox 734 301 756 335; x_wconf 99' lang='grc' dir='ltr'>Ι</span> <span class='ocrx_word' id='word_1_10' title='bbox 791 301 834 334; x_wconf 92' lang='lat' dir='ltr'><strong>M</strong></span> <span class='ocrx_word' id='word_1_11' title='bbox 870 301 906 335; x_wconf 88' lang='lat' dir='ltr'>A</span> <span class='ocrx_word' id='word_1_12' title='bbox 944 303 970 335; x_wconf 92' lang='lat' dir='ltr'>C</span> <span class='ocrx_word' id='word_1_13' title='bbox 1009 300 1045 335; x_wconf 83' lang='lat' dir='ltr'>H</span> <span class='ocrx_word' id='word_1_14' title='bbox 1078 300 1116 338; x_wconf 82' lang='lat' dir='ltr'>U</span> <span class='ocrx_word' id='word_1_15' title='bbox 1153 304 1194 339; x_wconf 81' lang='lat' dir='ltr'>S·</span> 
     </span>
     <span class='ocr_line' id='line_1_3' title="bbox 234 362 1487 430; baseline -0.001 -16"><span class='ocrx_word' id='word_1_16' title='bbox 234 366 357 415; x_wconf 86' lang='lat' dir='ltr'>Filio</span> <span class='ocrx_word' id='word_1_17' title='bbox 380 381 467 412; x_wconf 90' lang='lat' dir='ltr'>suo</span> <span class='ocrx_word' id='word_1_18' title='bbox 500 365 587 426; x_wconf 90' lang='lat' dir='ltr'>qui</span> <span class='ocrx_word' id='word_1_19' title='bbox 616 362 865 410; x_wconf 88' lang='lat' dir='ltr'><strong>innocenti</strong></span> <span class='ocrx_word' id='word_1_20' title='bbox 897 362 1010 409; x_wconf 88' lang='lat' dir='ltr'>fecit</span> <span class='ocrx_word' id='word_1_21' title='bbox 1034 373 1217 411; x_wconf 83' lang='lat' dir='ltr'><strong>tantam</strong></span> <span class='ocrx_word' id='word_1_22' title='bbox 1247 365 1487 430; x_wconf 76' lang='lat' dir='ltr'>injuriam.</span> 
     </span>
     <span class='ocr_line' id='line_1_4' title="bbox 609 457 1145 492; baseline 0 0"><span class='ocrx_word' id='word_1_23' title='bbox 609 459 639 492; x_wconf 82' lang='lat' dir='ltr'><strong>E</strong></span> <span class='ocrx_word' id='word_1_24' title='bbox 678 459 713 492; x_wconf 93' lang='lat' dir='ltr'><strong>U</strong></span> <span class='ocrx_word' id='word_1_25' title='bbox 750 459 781 490; x_wconf 84' lang='lat' dir='ltr'>T</span> <span class='ocrx_word' id='word_1_26' title='bbox 820 457 854 491; x_wconf 89' lang='lat' dir='ltr'>Y</span> <span class='ocrx_word' id='word_1_27' title='bbox 893 457 920 490; x_wconf 96' lang='lat' dir='ltr'>C</span> <span class='ocrx_word' id='word_1_28' title='bbox 959 457 994 490; x_wconf 88' lang='lat' dir='ltr'>H</span> <span class='ocrx_word' id='word_1_29' title='bbox 1032 458 1069 490; x_wconf 89' lang='lat' dir='ltr'>U</span> <span class='ocrx_word' id='word_1_30' title='bbox 1106 458 1145 492; x_wconf 83' lang='lat' dir='ltr'>S.</span> 
     </span>
     <span class='ocr_line' id='line_1_5' title="bbox 233 519 1518 592; baseline 0.003 -25"><span class='ocrx_word' id='word_1_31' title='bbox 233 523 401 592; x_wconf 68' lang='lat' dir='ltr'>Quem</span> <span class='ocrx_word' id='word_1_32' title='bbox 431 519 632 582; x_wconf 88' lang='lat' dir='ltr'>quidem</span> <span class='ocrx_word' id='word_1_33' title='bbox 672 520 827 566; x_wconf 89' lang='lat' dir='ltr'>hercle</span> <span class='ocrx_word' id='word_1_34' title='bbox 866 535 989 583; x_wconf 86' lang='lat' dir='ltr'>ego,</span> <span class='ocrx_word' id='word_1_35' title='bbox 1028 520 1081 565; x_wconf 90' lang='lat' dir='ltr'>in</span> <span class='ocrx_word' id='word_1_36' title='bbox 1116 520 1518 586; x_wconf 82' lang='lat' dir='ltr'>exsiliumquom</span> 
     </span>
     <span class='ocr_line' id='line_1_6' title="bbox 497 593 1088 651; baseline 0 -11"><span class='ocrx_word' id='word_1_37' title='bbox 497 596 617 651; x_wconf 84' lang='lat' dir='ltr'>iret,</span> <span class='ocrx_word' id='word_1_38' title='bbox 649 593 821 639; x_wconf 76' lang='lat' dir='ltr'>reduxi</span> <span class='ocrx_word' id='word_1_39' title='bbox 856 593 1088 640; x_wconf 88' lang='lat' dir='ltr'>domum:</span> 
     </span>
     <span class='ocr_line' id='line_1_7' title="bbox 235 668 796 716; baseline -0.009 1"><span class='ocrx_word' id='word_1_40' title='bbox 235 668 362 716; x_wconf 85' lang='lat' dir='ltr'>Nam</span> <span class='ocrx_word' id='word_1_41' title='bbox 386 669 486 716; x_wconf 86' lang='lat' dir='ltr'>ibat</span> <span class='ocrx_word' id='word_1_42' title='bbox 517 668 796 715; x_wconf 80' lang='lat' dir='ltr'>exsulatum.</span> 
     </span>
     <span class='ocr_line' id='line_1_8' title="bbox 655 755 1123 790; baseline 0.006 -3"><span class='ocrx_word' id='word_1_43' title='bbox 655 756 692 788; x_wconf 95' lang='lat' dir='ltr'>D</span> <span class='ocrx_word' id='word_1_44' title='bbox 729 755 759 787; x_wconf 87' lang='lat' dir='ltr'><strong>E</strong></span> <span class='ocrx_word' id='word_1_45' title='bbox 797 756 840 788; x_wconf 93' lang='lat' dir='ltr'><strong>M</strong></span> <span class='ocrx_word' id='word_1_46' title='bbox 876 755 898 788; x_wconf 88' lang='grc' dir='ltr'>Ι</span> <span class='ocrx_word' id='word_1_47' title='bbox 935 756 964 789; x_wconf 91' lang='lat' dir='ltr'>P</span> <span class='ocrx_word' id='word_1_48' title='bbox 1000 755 1037 789; x_wconf 84' lang='lat' dir='ltr'><strong>H</strong></span> <span class='ocrx_word' id='word_1_49' title='bbox 1074 756 1123 790; x_wconf 88' lang='grc' dir='ltr'>Ο.</span> 
     </span>
     <span class='ocr_line' id='line_1_9' title="bbox 691 814 944 861; baseline 0.004 -1"><span class='ocrx_word' id='word_1_50' title='bbox 691 814 770 861; x_wconf 93' lang='lat' dir='ltr'>An</span> <span class='ocrx_word' id='word_1_51' title='bbox 792 815 944 861; x_wconf 85' lang='lat' dir='ltr'>abiit?</span> 
     </span>
     <span class='ocr_line' id='line_1_10' title="bbox 548 900 1191 935; baseline 0 0"><span class='ocrx_word' id='word_1_52' title='bbox 548 901 580 935; x_wconf 88' lang='lat' dir='ltr'>L</span> <span class='ocrx_word' id='word_1_53' title='bbox 615 901 650 933; x_wconf 93' lang='lat' dir='ltr'>Y</span> <span class='ocrx_word' id='word_1_54' title='bbox 687 901 709 934; x_wconf 93' lang='lat' dir='ltr'><strong>S</strong></span> <span class='ocrx_word' id='word_1_55' title='bbox 745 901 769 935; x_wconf 91' lang='grc' dir='ltr'>Ι</span> <span class='ocrx_word' id='word_1_56' title='bbox 802 900 845 933; x_wconf 92' lang='grc' dir='ltr'>Μ</span> <span class='ocrx_word' id='word_1_57' title='bbox 879 901 912 934; x_wconf 80' lang='lat' dir='ltr'>A</span> <span class='ocrx_word' id='word_1_58' title='bbox 948 902 976 934; x_wconf 91' lang='lat' dir='ltr'>C</span> <span class='ocrx_word' id='word_1_59' title='bbox 1012 901 1047 934; x_wconf 87' lang='lat' dir='ltr'>H</span> <span class='ocrx_word' id='word_1_60' title='bbox 1082 902 1118 935; x_wconf 90' lang='lat' dir='ltr'>U</span> <span class='ocrx_word' id='word_1_61' title='bbox 1154 902 1191 935; x_wconf 87' lang='lat' dir='ltr'>S.</span> 
     </span>
     <span class='ocr_line' id='line_1_11' title="bbox 930 959 1529 1022; baseline 0.008 -17"><span class='ocrx_word' id='word_1_62' title='bbox 930 959 1085 1006; x_wconf 83' lang='lat' dir='ltr'>Etiam</span> <span class='ocrx_word' id='word_1_63' title='bbox 1116 961 1315 1022; x_wconf 87' lang='lat' dir='ltr'>loquere</span> <span class='ocrx_word' id='word_1_64' title='bbox 1332 996 1347 1020; x_wconf 90' lang='lat'>,</span> <span class='ocrx_word' id='word_1_65' title='bbox 1366 961 1529 1014; x_wconf 78' lang='lat' dir='ltr'>larva?</span> 
     </span>
     <span class='ocr_line' id='line_1_12' title="bbox 242 1033 1418 1098; baseline -0.002 -15"><span class='ocrx_word' id='word_1_66' title='bbox 242 1036 530 1098; x_wconf 79' lang='lat' dir='ltr'>Temperare</span> <span class='ocrx_word' id='word_1_67' title='bbox 558 1035 669 1081; x_wconf 90' lang='lat' dir='ltr'>istac</span> <span class='ocrx_word' id='word_1_68' title='bbox 699 1044 850 1081; x_wconf 86' lang='lat' dir='ltr'>aetate</span> <span class='ocrx_word' id='word_1_69' title='bbox 868 1033 973 1080; x_wconf 13' lang='lat' dir='ltr'>&#39;istis</span> <span class='ocrx_word' id='word_1_70' title='bbox 1001 1034 1200 1082; x_wconf 90' lang='lat' dir='ltr'>decebat</span> <span class='ocrx_word' id='word_1_71' title='bbox 1227 1034 1418 1082; x_wconf 86' lang='lat' dir='ltr'>artibus.</span> 
     </span>
     <span class='ocr_line' id='line_1_13' title="bbox 664 1127 1123 1164; baseline -0.002 -1"><span class='ocrx_word' id='word_1_72' title='bbox 664 1131 700 1163; x_wconf 91' lang='lat' dir='ltr'>D</span> <span class='ocrx_word' id='word_1_73' title='bbox 736 1129 766 1162; x_wconf 89' lang='lat' dir='ltr'><strong>E</strong></span> <span class='ocrx_word' id='word_1_74' title='bbox 801 1129 845 1163; x_wconf 90' lang='lat' dir='ltr'>M</span> <span class='ocrx_word' id='word_1_75' title='bbox 881 1127 903 1161; x_wconf 88' lang='grc' dir='ltr'>Ι</span> <span class='ocrx_word' id='word_1_76' title='bbox 940 1129 970 1164; x_wconf 88' lang='lat' dir='ltr'>P</span> <span class='ocrx_word' id='word_1_77' title='bbox 1005 1127 1038 1163; x_wconf 86' lang='lat' dir='ltr'><strong>H</strong></span> <span class='ocrx_word' id='word_1_78' title='bbox 1074 1129 1123 1163; x_wconf 91' lang='grc' dir='ltr'>Ο.</span> 
     </span>
     <span class='ocr_line' id='line_1_14' title="bbox 243 1188 911 1252; baseline -0.001 -15"><span class='ocrx_word' id='word_1_79' title='bbox 243 1190 434 1237; x_wconf 81' lang='lat' dir='ltr'>Fateor:</span> <span class='ocrx_word' id='word_1_80' title='bbox 467 1189 652 1251; x_wconf 85' lang='lat' dir='ltr'>deliqui</span> <span class='ocrx_word' id='word_1_81' title='bbox 677 1188 911 1252; x_wconf 83' lang='lat' dir='ltr'>profecto.</span> 
     </span>
     <span class='ocr_line' id='line_1_15' title="bbox 617 1272 1142 1310; baseline 0 -1"><span class='ocrx_word' id='word_1_82' title='bbox 617 1277 649 1310; x_wconf 89' lang='lat' dir='ltr'><strong>E</strong></span> <span class='ocrx_word' id='word_1_83' title='bbox 687 1276 722 1309; x_wconf 89' lang='lat' dir='ltr'>U</span> <span class='ocrx_word' id='word_1_84' title='bbox 759 1277 790 1309; x_wconf 82' lang='lat' dir='ltr'>T</span> <span class='ocrx_word' id='word_1_85' title='bbox 825 1277 861 1310; x_wconf 89' lang='lat' dir='ltr'>Y</span> <span class='ocrx_word' id='word_1_86' title='bbox 897 1278 923 1310; x_wconf 92' lang='lat' dir='ltr'>C</span> <span class='ocrx_word' id='word_1_87' title='bbox 959 1275 996 1310; x_wconf 81' lang='grc' dir='ltr'><strong>Η</strong></span> <span class='ocrx_word' id='word_1_88' title='bbox 1030 1272 1066 1308; x_wconf 88' lang='lat' dir='ltr'>U</span> <span class='ocrx_word' id='word_1_89' title='bbox 1103 1274 1142 1310; x_wconf 85' lang='lat' dir='ltr'>S.</span> 
     </span>
     <span class='ocr_line' id='line_1_16' title="bbox 887 1335 1490 1399; baseline -0.002 -16"><span class='ocrx_word' id='word_1_90' title='bbox 887 1338 1044 1384; x_wconf 87' lang='lat' dir='ltr'>Etiam</span> <span class='ocrx_word' id='word_1_91' title='bbox 1065 1339 1264 1399; x_wconf 86' lang='lat' dir='ltr'>loquere</span> <span class='ocrx_word' id='word_1_92' title='bbox 1279 1371 1293 1394; x_wconf 86' lang='lat'><strong>,</strong></span> <span class='ocrx_word' id='word_1_93' title='bbox 1325 1337 1451 1384; x_wconf 70' lang='lat' dir='ltr'>lai&#39;va</span> <span class='ocrx_word' id='word_1_94' title='bbox 1467 1335 1490 1382; x_wconf 87' lang='lat'>?</span> 
     </span>
     <span class='ocr_line' id='line_1_17' title="bbox 248 1407 1559 1457; baseline -0.001 0"><span class='ocrx_word' id='word_1_95' title='bbox 248 1409 467 1457; x_wconf 86' lang='lat' dir='ltr'>Vacuom</span> <span class='ocrx_word' id='word_1_96' title='bbox 499 1426 591 1455; x_wconf 87' lang='lat' dir='ltr'>esse</span> <span class='ocrx_word' id='word_1_97' title='bbox 621 1409 733 1456; x_wconf 86' lang='lat' dir='ltr'>istac</span> <span class='ocrx_word' id='word_1_98' title='bbox 751 1410 834 1456; x_wconf 87' lang='lat' dir='ltr'>ted</span> <span class='ocrx_word' id='word_1_99' title='bbox 865 1422 1014 1457; x_wconf 85' lang='lat' dir='ltr'>aetate</span> <span class='ocrx_word' id='word_1_100' title='bbox 1043 1411 1096 1456; x_wconf 87' lang='lat' dir='ltr'>iis</span> <span class='ocrx_word' id='word_1_101' title='bbox 1126 1411 1324 1457; x_wconf 87' lang='lat' dir='ltr'>decebat</span> <span class='ocrx_word' id='word_1_102' title='bbox 1350 1410 1531 1457; x_wconf 68' lang='lat' dir='ltr'>noxiis.</span> <span class='ocrx_word' id='word_1_103' title='bbox 1556 1407 1559 1411; x_wconf 66' lang='grc'><strong>’</strong></span> 
     </span>
     <span class='ocr_line' id='line_1_18' title="bbox 245 1482 1530 1544; baseline -0.001 -16"><span class='ocrx_word' id='word_1_104' title='bbox 245 1482 423 1528; x_wconf 83' lang='lat' dir='ltr'>Itidem</span> <span class='ocrx_word' id='word_1_105' title='bbox 449 1493 504 1528; x_wconf 89' lang='lat' dir='ltr'>ut</span> <span class='ocrx_word' id='word_1_106' title='bbox 535 1493 725 1544; x_wconf 83' lang='lat' dir='ltr'>tempus</span> <span class='ocrx_word' id='word_1_107' title='bbox 750 1482 890 1539; x_wconf 81' lang='lat' dir='ltr'><strong>anni,</strong></span> <span class='ocrx_word' id='word_1_108' title='bbox 918 1493 1122 1529; x_wconf 86' lang='lat' dir='ltr'>aetatem</span> <span class='ocrx_word' id='word_1_109' title='bbox 1144 1482 1282 1528; x_wconf 85' lang='lat' dir='ltr'>aliam</span> <span class='ocrx_word' id='word_1_110' title='bbox 1309 1483 1442 1530; x_wconf 85' lang='lat' dir='ltr'>aliud</span> <span class='ocrx_word' id='word_1_111' title='bbox 1462 1482 1530 1527; x_wconf 73' lang='lat' dir='ltr'>fa·</span> 
     </span>
     <span class='ocr_line' id='line_1_19' title="bbox 503 1556 905 1602; baseline 0.003 -1"><span class='ocrx_word' id='word_1_112' title='bbox 503 1567 637 1601; x_wconf 89' lang='lat' dir='ltr'>ctum</span> <span class='ocrx_word' id='word_1_113' title='bbox 666 1556 905 1602; x_wconf 86' lang='lat' dir='ltr'>convenit.</span> 
     </span>
     <span class='ocr_line' id='line_1_20' title="bbox 246 1627 1533 1694; baseline -0.002 -20"><span class='ocrx_word' id='word_1_114' title='bbox 246 1629 370 1675; x_wconf 88' lang='lat' dir='ltr'>Nam</span> <span class='ocrx_word' id='word_1_115' title='bbox 393 1629 428 1674; x_wconf 91' lang='lat' dir='ltr'>si</span> <span class='ocrx_word' id='word_1_116' title='bbox 450 1629 571 1675; x_wconf 88' lang='lat' dir='ltr'>istuc</span> <span class='ocrx_word' id='word_1_117' title='bbox 587 1630 665 1694; x_wconf 86' lang='lat' dir='ltr'>jus</span> <span class='ocrx_word' id='word_1_118' title='bbox 686 1641 780 1687; x_wconf 88' lang='lat' dir='ltr'>est,</span> <span class='ocrx_word' id='word_1_119' title='bbox 800 1638 1151 1676; x_wconf 75' lang='lat' dir='ltr'>senecta-aetate</span> <span class='ocrx_word' id='word_1_120' title='bbox 1171 1627 1361 1674; x_wconf 72' lang='lat' dir='ltr'>scortari</span> <span class='ocrx_word' id='word_1_121' title='bbox 1378 1642 1533 1693; x_wconf 71' lang='lat' dir='ltr'>senes,</span> 
     </span>
     <span class='ocr_line' id='line_1_21' title="bbox 246 1701 1267 1765; baseline -0.002 -17"><span class='ocrx_word' id='word_1_122' title='bbox 246 1702 341 1749; x_wconf 88' lang='lat' dir='ltr'>Ubi</span> <span class='ocrx_word' id='word_1_123' title='bbox 366 1703 460 1748; x_wconf 87' lang='lat' dir='ltr'>loci</span> <span class='ocrx_word' id='word_1_124' title='bbox 489 1719 560 1749; x_wconf 86' lang='lat' dir='ltr'>res</span> <span class='ocrx_word' id='word_1_125' title='bbox 585 1720 771 1749; x_wconf 84' lang='lat' dir='ltr'>summa</span> <span class='ocrx_word' id='word_1_126' title='bbox 789 1714 947 1750; x_wconf 86' lang='lat' dir='ltr'><strong>nostra</strong></span> <span class='ocrx_word' id='word_1_127' title='bbox 961 1704 1016 1749; x_wconf 87' lang='lat' dir='ltr'>&#39;st</span> <span class='ocrx_word' id='word_1_128' title='bbox 1041 1701 1267 1765; x_wconf 85' lang='lat' dir='ltr'>publica?</span> 
     </span>
    </p>
   </div>
   <div class='ocr_carea' id='block_1_3' title="bbox 253 1796 1542 2418">
    <p class='ocr_par' dir='ltr' id='par_1_3' title="bbox 253 1796 1542 2418">
     <span class='ocr_line' id='line_1_22' title="bbox 662 1796 1124 1829; baseline -0.002 0"><span class='ocrx_word' id='word_1_129' title='bbox 662 1798 698 1829; x_wconf 87' lang='lat' dir='ltr'>D</span> <span class='ocrx_word' id='word_1_130' title='bbox 737 1796 767 1828; x_wconf 84' lang='lat' dir='ltr'><strong>E</strong></span> <span class='ocrx_word' id='word_1_131' title='bbox 803 1797 845 1829; x_wconf 91' lang='grc' dir='ltr'><em>Μ</em></span> <span class='ocrx_word' id='word_1_132' title='bbox 880 1797 902 1828; x_wconf 94' lang='lat'>1</span> <span class='ocrx_word' id='word_1_133' title='bbox 936 1796 964 1829; x_wconf 83' lang='lat' dir='ltr'>P</span> <span class='ocrx_word' id='word_1_134' title='bbox 1001 1796 1036 1829; x_wconf 79' lang='grc' dir='ltr'><em>Η</em></span> <span class='ocrx_word' id='word_1_135' title='bbox 1074 1796 1124 1828; x_wconf 90' lang='grc' dir='ltr'>ο.</span> 
     </span>
     <span class='ocr_line' id='line_1_23' title="bbox 1083 1854 1533 1916; baseline -0.002 -15"><span class='ocrx_word' id='word_1_136' title='bbox 1083 1855 1203 1912; x_wconf 89' lang='lat' dir='ltr'>Hei,</span> <span class='ocrx_word' id='word_1_137' title='bbox 1227 1854 1346 1916; x_wconf 81' lang='lat' dir='ltr'>perii</span> <span class='ocrx_word' id='word_1_138' title='bbox 1369 1854 1533 1901; x_wconf 86' lang='lat' dir='ltr'>miser!</span> 
     </span>
     <span class='ocr_line' id='line_1_24' title="bbox 641 1939 1164 1974; baseline -0.002 -2"><span class='ocrx_word' id='word_1_139' title='bbox 641 1940 673 1972; x_wconf 83' lang='grc' dir='ltr'><strong>Ε</strong></span> <span class='ocrx_word' id='word_1_140' title='bbox 709 1939 745 1972; x_wconf 85' lang='lat' dir='ltr'>U</span> <span class='ocrx_word' id='word_1_141' title='bbox 783 1941 814 1973; x_wconf 82' lang='grc' dir='ltr'><strong>Τ</strong></span> <span class='ocrx_word' id='word_1_142' title='bbox 850 1941 885 1974; x_wconf 80' lang='lat' dir='ltr'>Y</span> <span class='ocrx_word' id='word_1_143' title='bbox 920 1941 947 1974; x_wconf 90' lang='lat' dir='ltr'>c</span> <span class='ocrx_word' id='word_1_144' title='bbox 982 1940 1018 1973; x_wconf 80' lang='grc' dir='ltr'><strong>Η</strong></span> <span class='ocrx_word' id='word_1_145' title='bbox 1054 1939 1090 1971; x_wconf 84' lang='lat' dir='ltr'>U</span> <span class='ocrx_word' id='word_1_146' title='bbox 1126 1939 1164 1972; x_wconf 87' lang='lat' dir='ltr'>s.</span> 
     </span>
     <span class='ocr_line' id='line_1_25' title="bbox 256 1999 1542 2065; baseline -0.002 -17"><span class='ocrx_word' id='word_1_147' title='bbox 256 1999 592 2048; x_wconf 87' lang='lat' dir='ltr'>Adulescentes</span> <span class='ocrx_word' id='word_1_148' title='bbox 622 2001 690 2047; x_wconf 81' lang='lat' dir='ltr'>rei</span> <span class='ocrx_word' id='word_1_149' title='bbox 718 2001 925 2065; x_wconf 86' lang='lat' dir='ltr'>agendae</span> <span class='ocrx_word' id='word_1_150' title='bbox 955 2001 1030 2047; x_wconf 89' lang='lat' dir='ltr'>isti</span> <span class='ocrx_word' id='word_1_151' title='bbox 1059 2000 1204 2065; x_wconf 87' lang='lat' dir='ltr'>magis</span> <span class='ocrx_word' id='word_1_152' title='bbox 1228 2001 1391 2048; x_wconf 76' lang='lat' dir='ltr'>‘solent</span> <span class='ocrx_word' id='word_1_153' title='bbox 1422 2015 1542 2063; x_wconf 70' lang='lat' dir='ltr'>ope-0</span> 
     </span>
     <span class='ocr_line' id='line_1_26' title="bbox 515 2074 775 2121; baseline 0 -1"><span class='ocrx_word' id='word_1_154' title='bbox 515 2091 616 2121; x_wconf 83' lang='lat' dir='ltr'>ram</span> <span class='ocrx_word' id='word_1_155' title='bbox 653 2074 775 2120; x_wconf 81' lang='lat' dir='ltr'>dare.</span> 
     </span>
     <span class='ocr_line' id='line_1_27' title="bbox 666 2158 1124 2195; baseline -0.002 -1"><span class='ocrx_word' id='word_1_156' title='bbox 666 2161 703 2194; x_wconf 86' lang='lat' dir='ltr'>D</span> <span class='ocrx_word' id='word_1_157' title='bbox 738 2161 769 2194; x_wconf 83' lang='grc' dir='ltr'><strong>Ε</strong></span> <span class='ocrx_word' id='word_1_158' title='bbox 806 2160 850 2195; x_wconf 88' lang='grc' dir='ltr'>Μ</span> <span class='ocrx_word' id='word_1_159' title='bbox 885 2161 906 2193; x_wconf 91' lang='lat'>1</span> <span class='ocrx_word' id='word_1_160' title='bbox 942 2160 970 2193; x_wconf 80' lang='grc' dir='ltr'>Ρ</span> <span class='ocrx_word' id='word_1_161' title='bbox 1007 2158 1041 2193; x_wconf 83' lang='grc' dir='ltr'>Η</span> <span class='ocrx_word' id='word_1_162' title='bbox 1076 2159 1124 2194; x_wconf 89' lang='grc' dir='ltr'>ο.</span> 
     </span>
     <span class='ocr_line' id='line_1_28' title="bbox 253 2219 1534 2285; baseline -0.002 -16"><span class='ocrx_word' id='word_1_163' title='bbox 253 2221 361 2281; x_wconf 85' lang='lat' dir='ltr'>Jam</span> <span class='ocrx_word' id='word_1_164' title='bbox 389 2224 611 2280; x_wconf 85' lang='lat' dir='ltr'>obsecro,</span> <span class='ocrx_word' id='word_1_165' title='bbox 643 2223 780 2270; x_wconf 85' lang='lat' dir='ltr'>vobis</span> <span class='ocrx_word' id='word_1_166' title='bbox 814 2223 970 2269; x_wconf 79' lang='lat' dir='ltr'>hercle</span> <span class='ocrx_word' id='word_1_167' title='bbox 1004 2223 1176 2270; x_wconf 87' lang='lat' dir='ltr'>habete</span> <span class='ocrx_word' id='word_1_168' title='bbox 1209 2239 1323 2272; x_wconf 88' lang='lat' dir='ltr'>cum</span> <span class='ocrx_word' id='word_1_169' title='bbox 1353 2219 1534 2285; x_wconf 81' lang='lat' dir='ltr'>porciS,</span> 
     </span>
     <span class='ocr_line' id='line_1_29' title="bbox 513 2296 825 2344; baseline 0.003 -2"><span class='ocrx_word' id='word_1_170' title='bbox 513 2312 628 2344; x_wconf 87' lang='lat' dir='ltr'>cum</span> <span class='ocrx_word' id='word_1_171' title='bbox 655 2296 825 2343; x_wconf 89' lang='lat' dir='ltr'>fiscina.</span> 
     </span>
     <span class='ocr_line' id='line_1_30' title="bbox 649 2382 1169 2418; baseline 0.002 -3"><span class='ocrx_word' id='word_1_172' title='bbox 649 2383 681 2415; x_wconf 82' lang='lat' dir='ltr'><strong>E</strong></span> <span class='ocrx_word' id='word_1_173' title='bbox 717 2382 753 2415; x_wconf 91' lang='lat' dir='ltr'>U</span> <span class='ocrx_word' id='word_1_174' title='bbox 789 2383 820 2415; x_wconf 87' lang='grc' dir='ltr'>Τ</span> <span class='ocrx_word' id='word_1_175' title='bbox 854 2382 891 2415; x_wconf 88' lang='lat' dir='ltr'>Y</span> <span class='ocrx_word' id='word_1_176' title='bbox 925 2382 952 2416; x_wconf 88' lang='lat' dir='ltr'>C</span> <span class='ocrx_word' id='word_1_177' title='bbox 987 2382 1022 2416; x_wconf 90' lang='lat' dir='ltr'>H</span> <span class='ocrx_word' id='word_1_178' title='bbox 1057 2383 1092 2416; x_wconf 93' lang='lat' dir='ltr'>U</span> <span class='ocrx_word' id='word_1_179' title='bbox 1129 2384 1169 2418; x_wconf 87' lang='lat' dir='ltr'>S.</span> 
     </span>
    </p>
   </div>
   <div class='ocr_carea' id='block_1_4' title="bbox 264 2442 915 2492">
    <p class='ocr_par' dir='ltr' id='par_1_4' title="bbox 264 2442 915 2492">
     <span class='ocr_line' id='line_1_31' title="bbox 264 2442 915 2492; baseline -0.002 -1"><span class='ocrx_word' id='word_1_180' title='bbox 264 2442 431 2492; x_wconf 82' lang='lat' dir='ltr'>Redde</span> <span class='ocrx_word' id='word_1_181' title='bbox 458 2444 583 2492; x_wconf 81' lang='lat' dir='ltr'>filio:</span> <span class='ocrx_word' id='word_1_182' title='bbox 614 2443 702 2491; x_wconf 88' lang='lat' dir='ltr'>sibi</span> <span class='ocrx_word' id='word_1_183' title='bbox 729 2443 915 2491; x_wconf 83' lang='lat' dir='ltr'>habeat.</span> 
     </span>
    </p>
   </div>
  </div>
 </body>
</html>
