1618 2866
51 182 99 214 v.
129 165 185 226 83
349 159 642 209 ACTUS
695 161 774 207 ΙΙ.
827 159 933 207 SC.
977 158 1075 207 VI.
1216 161 1337 225 '385-

11 265 13 268 ’
54 270 318 320 Muttivero
334 304 348 328 ‚
379 270 521 316 etiam
554 267 693 330 quod
723 278 915 333 egomet
944 279 1074 315 certo
1099 269 1240 316 sciam
1256 304 1272 327 ,

53 343 183 390 Dato
217 342 538 389 excruciatum
570 357 676 387 me:
710 351 902 405 egomet
930 340 1103 388 dedam
1125 359 1204 389 me
1234 342 1338 393 tibi.

54 415 199 462 Nunc
227 416 321 461 hoc
351 414 471 459 mihi
502 414 709 478 ignoscas
737 429 927 474 quaeso.

219 512 1199 550 PERIPLECTOMENES.

669 573 871 620 Vincam
896 574 1113 620 animum
1141 591 1339 635 meum,
1387 603 1394 611 ·

57 648 132 694 Ne
162 616 393 694 malitiose
417 645 596 694 factum
624 644 677 691 id
707 661 800 691 esse
830 644 911 691 abs
941 656 998 692 te
1016 646 1222 693 arbitrer.

60 720 308 784 Ignoscam
335 718 425 765 tibi
452 718 585 764 istuc.

415 811 438 845 S
475 811 502 844 C
538 812 568 845 E
605 811 637 845 L
672 811 703 844 E
739 813 775 845 D
810 812 843 845 R
879 810 915 844 U
951 811 994 846 S.

601 870 667 917 At
694 871 777 916 Dii
802 871 893 916 tibi
925 870 1096 918 faciant
1121 871 1260 919 bene.

218 972 1203 1008 PERIPLECTOMENES.

59 1033 162 1081 Nae
190 1044 247 1079 tu
278 1033 464 1089 hercle,
498 1033 534 1077 si
564 1044 611 1077 te
642 1031 724 1077 Dii
752 1040 954 1090 amant?
975 1033 1191 1096 linguam
1225 1051 1337 1082 con·

320 1122 493 1167 pnmes

60 1181 284 1226 Posthac:
315 1179 456 1225 etiam
483 1178 605 1224 illud
621 1213 636 1235 ,
670 1179 809 1240 quod
837 1179 973 1245 scies„
1000 1181 1270 1228 nesciveris:

61 1251 135 1298 Ne
162 1250 329 1299 videris
345 1284 360 1309 ,
388 1250 525 1311 quod
544 1250 726 1296 videris.

418 1352 442 1387 S
477 1353 504 1386 C
539 1352 570 1385 E
605 1352 638 1386 L
671 1353 702 1385 E
737 1353 774 1386 D
811 1354 846 1387 R
884 1353 920 1386 U
954 1353 993 1388 S.

740 1414 870 1460 Bene
901 1430 981 1461 me
1014 1433 1195 1464 mones.

65 1487 137 1532 Ita
165 1484 315 1532 facere
343 1486 608 1532 certum’st.
636 1486 719 1532 sed
751 1488 897 1532 satine
920 1500 1076 1535 oratus
1098 1490 1231 1536 abis?

64 1557 320 1619 Numquid
350 1574 481 1604 nunc
507 1559 639 1604 aliud
670 1576 750 1605 me
782 1560 883 1606 vis?

224 1658 1206 1695 PERIPLECTOMENES.

902 1721 976 1767 Ne
1004 1738 1084 1767 me
1111 1725 1310 1772 noveris.

424 1811 447 1844 S
482 1813 509 1845 C
545 1814 576 1846 E
612 1813 642 1846 L
677 1813 709 1846 E
743 1814 780 1846 D
814 1814 862 1847 R·
884 1813 919 1846 U
955 1814 995 1848 S.

66 1871 215 1919 Dedit
239 1870 320 1917 hic
344 1870 463 1916 mihi
496 1872 651 1918 verba.
688 1889 838 1934 quam
866 1874 1077 1939 benigne
1105 1877 1300 1940 gratiam

66 1943 197 2004 Fecit
214 1978 229 2001 ,
263 1959 326 1988 ne
346 1943 487 1995 iratus
516 1947 657 1991 esset!
691 1946 816 2003 scio,
849 1963 996 2007 quam
1019 1965 1120 1993 rem
1151 1961 1310 2012 gerat:

70 2016 137 2062 Ut
157 2017 288 2063 miles
303 2051 317 2075 ‚
352 2034 506 2078 quom
537 2022 781 2081 extemplo
813 2038 840 2067 a
870 2021 977 2068 foto
1003 2022 1222 2069 adveniat
1255 2012 1345 2073 ilo«.

310 2093 455 2137 ⁴mum
475 2126 490 2148 ‚

68 2162 219 2209 Domi
249 2164 617 2228 conprehendam
651 2181 746 2211 una
772 2167 851 2212 hic
878 2177 925 2212 et
952 2166 1199 2212 Palaestrio

70 2237 152 2282 Me
178 2234 356 2280 habent
383 2239 627 2283 venalem:
654 2239 801 2294 sensi,
838 2250 885 2287 et
914 2238 1208 2302 jamdudum
1234 2240 1347 2284 scio.-

71 2309 354 2368 Numquam
382 2309 537 2356 hercle
567 2327 628 2358 ex
642 2311 726 2359 ista
752 2327 878 2359 nassa
906 2328 994 2376 ego
1021 2313 1167 2358 hodie
1198 2327 1348 2358 escam

328 2390 502 2441 petam.

142 2454 232 2501 Vol.
266 2453 332 2499 II.
705 2463 713 2472 ·
1012 2453 1050 2498 Β
1078 2453 1113 2498 b
