1618 2866
81 126 208 184 ms
388 91 683 177 Acrus
734 125 835 172 1v.
887 122 991 171 sc.
1039 123 1077 170 1.
1273 138 1366 184 41⁷

84 235 195 300 Ejus
226 233 320 281 huc
351 230 541 296 gemina
568 228 701 274 venit
734 227 1001 290 Ephesum,
1023 238 1072 275 et
1096 240 1275 287 mater,
1298 245 1374 277 ar·-

338 314 619 363 cessuntque
645 318 764 348 eam.

278 385 1186 423 PYRGOPOLINICES.

86 451 192 503 Ain’
220 464 276 498 tu
290 486 304 508 ,
330 449 522 496 advenit
549 447 790 509 Ephesum
814 458 964 493 mater
988 447 1119 510 ejus?

130 517 146 532 ⁰
386 532 1063 585 ‘PArAEs‘1-R10.

876 600 1030 665 Ajunt
1045 636 1059 660 ‚
1090 603 1177 664 qui
1203 604 1373 650 sciunt.

224 687 1183 729 *PYRGOPOLINICEs

90 750 269 797 Hercle
286 750 581 796 occasionem
597 747 805 810 lepidam
819 782 834 806 ‚
858 758 915 794 ut
933 747 1186 794 mulierem
1208 748 1371 795 exclu-

348 822 460 869 dam
491 823 624 869 foras.
895 869 897 871 .

414 910 443 942 P
480 910 514 942 A
550 910 580 943 1.
616 908 650 942 A
686 908 716 940 Ε
756 907 778 940 s
818 908 849 940 Τ
885 909 919 941 R
952 907 974 940 1
1013 907 1063 940 ο.

86 972 246 1019 Immo
274 972 370 1018 vin’
402 982 455 1016 tu
482 969 640 1031 lepide
669 967 849 1014 facere?

215 1043 1186 1097 ·PYRG'0POL1N10ES.

614 1120 864 1181 Loquere,
893 1132 941 1166 et
965 1122 1217 1168 consilium
1238 1122 1373 1169 cedo.

417 1203 1064 1238 PAVLAESTRIO.

94 1268 204 1316 Vin’
238 1279 294 1314 tu
321 1267 452 1313 issam
487 1275 704 1310 actutum
735 1280 981 1322 amovere,
1015 1281 1042 1310 a
1071 1276 1120 1311 te
1155 1277 1211 1312 ut
1238 1266 1375 1313 abeat

351 1356 437 1402 per
465 1338 659 1404 gratiam
676 1339 699 1383 ?

289 1422 1193 1460 PYRGOPOLINICES.

93 1488 265 1550 Cupio.

419 1564 448 1597 P
488 1563 523 1596 A
558 1563 589 1596 L
626 1562 660 1595 A
695 1562 726 1594 E
763 1562 785 1595 S
825 1562 856 1594 T
894 1563 926 1595 R
961 1562 982 1594 1
1018 1562 1066 1594 Ο.

191 1626 324 1672 Tum
355 1636 403 1670 te
439 1625 533 1670 hoc
567 1623 716 1668 facere
745 1632 960 1682 oportet:
985 1621 1074 1667 tibi
1102 1620 1376 1668 divitiarum

950 1747 957 1755 '
1002 1693 1177 1739 affatim
1214 1706 1307 1739 est:

88 1765 215 1825 Jube
243 1764 331 1811 sibi
359 1781 530 1811 aurum
555 1778 699 1828 atque
718 1778 995 1812 ornamenta
1011 1800 1024 1822 ‚
1057 1782 1181 1826 quae
1205 1767 1275 1811 illi
1298 1767 1374 1812 in-

156 1831 162 1840 *
346 1837 551 1883 struxisti
581 1839 801 1895 mulleri,

96 1907 242 1955 Dono
258 1909 458 1966 habere,
479 1908 757 1970 auferreque
788 1910 868 1955 abs
888 1922 935 1956 te
954 1928 1055 1972 quo
1082 1912 1245 1958 lubeat
1273 1912 1377 1958 sibi.

289 2001 1196 2038 PYRGOPOLINICES.

100 2056 283 2116 Placet,
300 2059 373 2105 uti
402 2060 541 2106 dicis:
578 2061 659 2107 sed
683 2077 745 2107 ne
770 2061 914 2107 istanc
932 2062 1146 2107 amittam
1162 2096 1176 2119 ‚
1198 2072 1245 2107 et
1262 2062 1378 2108 haec

207 2144 209 2146 “
350 2145 507 2180 mutet
534 2134 680 2180 fidem
696 2169 710 2191 ,

102 2200 227 2249 Vide
256 2204 419 2250 modo.

425 2288 455 2320 P
490 2288 527 2322 A
559 2290 591 2323 1.
626 2292 660 2324 A
695 2291 724 2323 Ε
764 2289 786 2323 s
824 2289 855 2321 :r
890 2288 925 2321 R
960 2289 982 2321 1
1018 2289 1066 2321 ο.

195 2343 302 2390 Vah
319 2343 559 2404 delicatus,
574 2363 696 2408 quae
717 2360 765 2395 te
783 2359 1030 2408 tamquam
1051 2347 1213 2392 oculos
1230 2348 1376 2392 amet!

178 2416 266 2464 Vol.
290 2418 355 2463 II.
1086 2416 1132 2463 D
1154 2417 1187 2463 d
