1618 2866
256 201 347 247 144
463 183 768 231 EPIDICUS.
803 183 1008 232 ACTUS
1042 186 1100 234 v.
1135 187 1223 234 sc.
1255 189 1317 233 11.
1401 206 1446 236 v.
1467 174 1537 250 59'

572 305 600 336 P
638 305 669 336 E
704 306 738 337 R
773 305 797 338 1
829 306 858 338 P
893 306 927 338 Η
963 306 1000 340 A
1033 308 1068 342 Ν
1102 309 1133 340 Ε
1170 309 1212 343 s.

248 371 527 431 Optumum
552 376 697 427 atque
716 367 1074 428 aequissumum
1100 386 1212 418 oras.
1241 387 1425 430 soccos,
1450 383 1525 418 tu-

497 439 653 485 nicam
668 474 683 497 7
702 441 902 502 pallium

242 516 356 563 Tibi
388 514 526 560 dabo.

635 590 668 623 Ε
701 590 728 622 P
767 590 788 622 1
824 591 859 622 D
895 591 915 622 1
951 590 977 622 c
1016 591 1050 623 U
1087 591 1126 624 s.

439 650 575 720 Quid
606 649 779 695 deinde
809 650 989 710 porro?

560 735 1206 784 PERIPHANESK.

928 796 1234 846 Libertatem.

627 885 657 916 E
695 883 723 916 P
763 883 784 915 I
820 883 855 916 D
892 884 913 916 1
949 884 975 916 C
1013 883 1047 915 U
1087 884 1123 918 S.

1236 943 1301 992 At
1325 946 1527 1008 postea?

241 1021 384 1068 Novo
416 1019 587 1066 liberto
618 1017 729 1078 opu'
752 1028 840 1075 est,
862 1017 999 1078 quod
1019 1008 1232 1080 pabpet?

565 1113 593 1144 P
630 1111 659 1143 E
697 1112 731 1143 R
765 1111 785 1142 1
819 1110 846 1142 P
885 1109 919 1142 H
955 1109 990 1141 A
1025 1109 1059 1142 N
1093 1111 1124 1142 Ε
1161 1109 1199 1144 s.

827 1167 1046 1216 Dabitur.
1078 1169 1318 1232 praebebo
1344 1169 1522 1237 cibumt

632 1256 662 1288 Ε
700 1255 729 1288 Ρ
764 1255 785 1287 1
822 1255 857 1286 D
894 1255 916 1287 1
951 1255 978 1287 c
1017 1254 1053 1287 U
1089 1254 1126 1288 s.

172 1332 176 1337 ’
242 1321 550 1381 Numquam,
568 1317 748 1372 hercle,
769 1315 939 1372 hodie,
957 1315 1045 1361 nisi
1055 1332 1141 1362 me
1163 1315 1343 1374 orassis,
1357 1317 1522 1362 solves.

557 1410 585 1442 P
625 1409 655 1440 E
692 1408 725 1440 R
760 1407 781 1438 I
816 1407 844 1440 P
882 1408 917 1440 H
954 1408 989 1441 A
1022 1410 1054 1441 N
1090 1410 1125 1441 F.
1160 1409 1199 1443 S.

1052 1469 1153 1514 Oro
1182 1479 1230 1514 te
1249 1503 1262 1525 ,
1291 1467 1487 1530 Epidice
1506 1501 1523 1526 ,

241 1544 364 1591 Mihi
391 1553 446 1588 ut
468 1542 703 1604 ignosca8‚
736 1537 772 1583 si
804 1537 925 1598 quid
956 1539 1217 1600 inprudens
1249 1541 1389 1600 culpa
1405 1555 1519 1600 pec-

501 1628 602 1659 cav1
634 1629 754 1658 mea.

242 1688 305 1734 At
336 1688 400 1734 ob
427 1702 530 1732 eam
547 1701 649 1730 rem
670 1685 790 1730 liber
822 1694 934 1730 esto.

659 1771 689 1804 E
726 1772 753 1804 P
791 1771 810 1804 1
845 1771 881 1802 D
919 1772 941 1804 1
976 1771 1002 1803 C
1040 1770 1076 1803 U
1113 1770 1151 1804 S.

751 1831 933 1877 Invitus
963 1831 1026 1877 do
1057 1832 1180 1877 hanc
1196 1831 1384 1878 veniam
1402 1831 1518 1897 tibi,

240 1908 339 1954 Nisi
375 1906 643 1953 necessitate
677 1921 828 1970 cogar.
855 1906 984 1951 solve
1016 1921 1155 1962 sane,
1184 1904 1221 1949 si
1246 1904 1397 1950 lubet.

693 2036 739 2081 G
802 2035 846 2082 R
909 2036 948 2082 E
1014 2034 1075 2080 X.

237 2096 418 2211 HIC
457 2160 492 2205 is
521 2160 669 2206 homo
689 2161 772 2217 ’st‚
792 2192 793 2195 =
813 2160 898 2220 qui
931 2159 1201 2205 libertatem
1235 2159 1409 2206 malitia
1442 2136 1522 2206 in--

491 2245 622 2280 venit
655 2252 748 2279 sua.

241 2308 482 2368 Plaudite,
504 2309 654 2356 valete
674 2326 682 2352 :
718 2308 909 2353 lumbos
927 2308 1099 2372 surgite
1116 2289 1262 2370 atque
1285 2295 1510 2356 extellite.

947 2446 1112 2472 ..Ἥ
