<?xml version="1.0" encoding="UTF-8"?>
<!DOCTYPE html PUBLIC "-//W3C//DTD XHTML 1.0 Transitional//EN"
    "http://www.w3.org/TR/xhtml1/DTD/xhtml1-transitional.dtd">
<html xmlns="http://www.w3.org/1999/xhtml" xml:lang="en" lang="en">
 <head>
  <title>
</title>
<meta http-equiv="Content-Type" content="text/html;charset=utf-8" />
  <meta name='ocr-system' content='tesseract 3.04.00' />
  <meta name='ocr-capabilities' content='ocr_page ocr_carea ocr_par ocr_line ocrx_word'/>
</head>
<body>
  <div class='ocr_page' id='page_1' title='image "./comoediaesuperst02plauuoft_0170.png"; bbox 0 0 1618 2866; ppageno 0'>
   <div class='ocr_carea' id='block_1_1' title="bbox 215 172 1491 237">
    <p class='ocr_par' dir='ltr' id='par_1_1' title="bbox 215 172 1491 237">
     <span class='ocr_line' id='line_1_1' title="bbox 215 172 1491 237; baseline 0.004 -16"><span class='ocrx_word' id='word_1_1' title='bbox 215 179 306 225; x_wconf 74' lang='lat'>162</span> <span class='ocrx_word' id='word_1_2' title='bbox 470 172 1214 222; x_wconf 75' lang='lat' dir='ltr'>MENAECHMEL</span> <span class='ocrx_word' id='word_1_3' title='bbox 1368 192 1491 237; x_wconf 78' lang='lat' dir='ltr'><strong>v.32</strong></span> 
     </span>
    </p>
   </div>
   <div class='ocr_carea' id='block_1_2' title="bbox 209 295 1104 435">
    <p class='ocr_par' dir='ltr' id='par_1_2' title="bbox 209 295 1096 435">
     <span class='ocr_line' id='line_1_2' title="bbox 622 295 1096 330; baseline 0.007 -3"><span class='ocrx_word' id='word_1_4' title='bbox 622 296 653 327; x_wconf 88' lang='lat' dir='ltr'><strong>E</strong></span> <span class='ocrx_word' id='word_1_5' title='bbox 689 295 723 329; x_wconf 80' lang='lat' dir='ltr'>R</span> <span class='ocrx_word' id='word_1_6' title='bbox 760 295 792 327; x_wconf 93' lang='grc' dir='ltr'>Ο</span> <span class='ocrx_word' id='word_1_7' title='bbox 833 296 864 328; x_wconf 94' lang='lat' dir='ltr'>T</span> <span class='ocrx_word' id='word_1_8' title='bbox 899 297 919 329; x_wconf 88' lang='lat'>1</span> <span class='ocrx_word' id='word_1_9' title='bbox 955 295 990 328; x_wconf 89' lang='lat' dir='ltr'>U</span> <span class='ocrx_word' id='word_1_10' title='bbox 1028 296 1096 330; x_wconf 89' lang='grc' dir='ltr'>Μ.</span> 
     </span>
     <span class='ocr_line' id='line_1_3' title="bbox 209 330 1104 435; baseline -0.001 -25"><span class='ocrx_word' id='word_1_11' title='bbox 209 330 421 435; x_wconf 69' lang='lat' dir='ltr'>Quando</span> <span class='ocrx_word' id='word_1_12' title='bbox 453 364 520 410; x_wconf 84' lang='lat' dir='ltr'>vis</span> <span class='ocrx_word' id='word_1_13' title='bbox 551 363 690 421; x_wconf 88' lang='lat' dir='ltr'><strong>veni,</strong></span> <span class='ocrx_word' id='word_1_14' title='bbox 723 375 881 424; x_wconf 74' lang='lat' dir='ltr'>parata</span> <span class='ocrx_word' id='word_1_15' title='bbox 912 380 981 410; x_wconf 83' lang='lat' dir='ltr'>res</span> <span class='ocrx_word' id='word_1_16' title='bbox 1006 364 1104 410; x_wconf 84' lang='lat' dir='ltr'>erit.</span> 
     </span>
    </p>
   </div>
   <div class='ocr_carea' id='block_1_3' title="bbox 508 468 1189 508">
    <p class='ocr_par' dir='ltr' id='par_1_3' title="bbox 508 468 1189 508">
     <span class='ocr_line' id='line_1_4' title="bbox 508 468 1189 508; baseline 0.005 -7"><span class='ocrx_word' id='word_1_17' title='bbox 508 468 1189 508; x_wconf 66' lang='lat' dir='ltr'>MAENAECHMUS.</span> 
     </span>
    </p>
   </div>
   <div class='ocr_carea' id='block_1_4' title="bbox 209 527 1491 656">
    <p class='ocr_par' dir='ltr' id='par_1_4' title="bbox 209 527 1491 656">
     <span class='ocr_line' id='line_1_5' title="bbox 1092 527 1491 595; baseline -0.005 -18"><span class='ocrx_word' id='word_1_18' title='bbox 1092 531 1297 595; x_wconf 81' lang='lat' dir='ltr'>Propera</span> <span class='ocrx_word' id='word_1_19' title='bbox 1327 527 1491 577; x_wconf 88' lang='lat' dir='ltr'>modo.</span> 
     </span>
     <span class='ocr_line' id='line_1_6' title="bbox 209 593 1186 656; baseline -0.007 -15"><span class='ocrx_word' id='word_1_20' title='bbox 209 593 418 656; x_wconf 85' lang='lat' dir='ltr'>Sequere</span> <span class='ocrx_word' id='word_1_21' title='bbox 447 604 517 639; x_wconf 88' lang='lat' dir='ltr'>tu.</span> <span class='ocrx_word' id='word_1_22' title='bbox 1171 606 1186 622; x_wconf 90' lang='lat'><strong>·</strong></span> 
     </span>
    </p>
   </div>
   <div class='ocr_carea' id='block_1_5' title="bbox 207 681 1494 1035">
    <p class='ocr_par' dir='ltr' id='par_1_5' title="bbox 207 681 1494 1035">
     <span class='ocr_line' id='line_1_7' title="bbox 566 681 1175 717; baseline 0.008 -5"><span class='ocrx_word' id='word_1_23' title='bbox 566 681 595 713; x_wconf 91' lang='lat' dir='ltr'>P</span> <span class='ocrx_word' id='word_1_24' title='bbox 634 681 663 713; x_wconf 87' lang='lat' dir='ltr'>E</span> <span class='ocrx_word' id='word_1_25' title='bbox 699 681 733 713; x_wconf 93' lang='lat' dir='ltr'>N</span> <span class='ocrx_word' id='word_1_26' title='bbox 768 681 789 713; x_wconf 93' lang='grc' dir='ltr'>Ι</span> <span class='ocrx_word' id='word_1_27' title='bbox 826 683 853 715; x_wconf 90' lang='lat' dir='ltr'>C</span> <span class='ocrx_word' id='word_1_28' title='bbox 889 681 924 715; x_wconf 91' lang='lat' dir='ltr'>U</span> <span class='ocrx_word' id='word_1_29' title='bbox 961 681 991 714; x_wconf 89' lang='lat' dir='ltr'>L</span> <span class='ocrx_word' id='word_1_30' title='bbox 1029 681 1065 714; x_wconf 93' lang='lat' dir='ltr'><strong>U</strong></span> <span class='ocrx_word' id='word_1_31' title='bbox 1101 682 1140 716; x_wconf 85' lang='lat' dir='ltr'>S.</span> <span class='ocrx_word' id='word_1_32' title='bbox 1170 715 1175 717; x_wconf 69' lang='grc'><strong>,</strong></span> 
     </span>
     <span class='ocr_line' id='line_1_8' title="bbox 355 748 1492 812; baseline -0.002 -17"><span class='ocrx_word' id='word_1_33' title='bbox 355 749 456 812; x_wconf 87' lang='lat' dir='ltr'>Ego</span> <span class='ocrx_word' id='word_1_34' title='bbox 481 748 637 794; x_wconf 82' lang='lat' dir='ltr'><strong>hercle</strong></span> <span class='ocrx_word' id='word_1_35' title='bbox 654 764 767 795; x_wconf 87' lang='lat' dir='ltr'>vero</span> <span class='ocrx_word' id='word_1_36' title='bbox 793 759 841 794; x_wconf 89' lang='lat' dir='ltr'>te</span> <span class='ocrx_word' id='word_1_37' title='bbox 871 759 918 795; x_wconf 86' lang='lat' dir='ltr'>et</span> <span class='ocrx_word' id='word_1_38' title='bbox 935 750 1128 796; x_wconf 85' lang='lat' dir='ltr'>servabo</span> <span class='ocrx_word' id='word_1_39' title='bbox 1143 784 1157 807; x_wconf 86' lang='lat'>‚</span> <span class='ocrx_word' id='word_1_40' title='bbox 1177 760 1224 795; x_wconf 90' lang='lat' dir='ltr'>et</span> <span class='ocrx_word' id='word_1_41' title='bbox 1240 759 1288 795; x_wconf 86' lang='lat' dir='ltr'>te</span> <span class='ocrx_word' id='word_1_42' title='bbox 1306 764 1492 810; x_wconf 81' lang='lat' dir='ltr'>sequar:</span> 
     </span>
     <span class='ocr_line' id='line_1_9' title="bbox 207 821 1494 884; baseline -0.002 -16"><span class='ocrx_word' id='word_1_43' title='bbox 207 822 551 883; x_wconf 85' lang='lat' dir='ltr'>Neque&#39;hodie</span> <span class='ocrx_word' id='word_1_44' title='bbox 579 833 635 867; x_wconf 93' lang='lat' dir='ltr'>ut</span> <span class='ocrx_word' id='word_1_45' title='bbox 665 832 713 867; x_wconf 89' lang='lat' dir='ltr'>te</span> <span class='ocrx_word' id='word_1_46' title='bbox 731 821 929 884; x_wconf 81' lang='lat' dir='ltr'><strong>perdam</strong></span> <span class='ocrx_word' id='word_1_47' title='bbox 947 858 962 882; x_wconf 84' lang='grc'>,</span> <span class='ocrx_word' id='word_1_48' title='bbox 995 839 1203 869; x_wconf 83' lang='lat' dir='ltr'><strong>meream</strong></span> <span class='ocrx_word' id='word_1_49' title='bbox 1223 822 1387 869; x_wconf 84' lang='lat' dir='ltr'><strong>Deum</strong></span> <span class='ocrx_word' id='word_1_50' title='bbox 1421 821 1494 867; x_wconf 82' lang='lat' dir='ltr'>di-</span> 
     </span>
     <span class='ocr_line' id='line_1_10' title="bbox 469 896 764 943; baseline -0.007 0"><span class='ocrx_word' id='word_1_51' title='bbox 469 896 605 943; x_wconf 90' lang='lat' dir='ltr'>vitias</span> <span class='ocrx_word' id='word_1_52' title='bbox 631 896 764 942; x_wconf 89' lang='lat' dir='ltr'><strong>mihi.</strong></span> 
     </span>
     <span class='ocr_line' id='line_1_11' title="bbox 617 1001 1084 1035; baseline -0.004 0"><span class='ocrx_word' id='word_1_53' title='bbox 617 1003 647 1035; x_wconf 78' lang='lat' dir='ltr'><strong>E</strong></span> <span class='ocrx_word' id='word_1_54' title='bbox 683 1002 717 1035; x_wconf 80' lang='lat' dir='ltr'>R</span> <span class='ocrx_word' id='word_1_55' title='bbox 759 1001 790 1033; x_wconf 93' lang='lat' dir='ltr'>o</span> <span class='ocrx_word' id='word_1_56' title='bbox 830 1001 861 1034; x_wconf 86' lang='lat' dir='ltr'>T</span> <span class='ocrx_word' id='word_1_57' title='bbox 896 1001 917 1033; x_wconf 94' lang='lat'>1</span> <span class='ocrx_word' id='word_1_58' title='bbox 954 1001 988 1033; x_wconf 82' lang='lat' dir='ltr'><strong>U</strong></span> <span class='ocrx_word' id='word_1_59' title='bbox 1027 1001 1084 1034; x_wconf 92' lang='lat' dir='ltr'>M.</span> 
     </span>
    </p>
   </div>
   <div class='ocr_carea' id='block_1_6' title="bbox 208 1068 1494 1189">
    <p class='ocr_par' dir='ltr' id='par_1_6' title="bbox 208 1068 1494 1189">
     <span class='ocr_line' id='line_1_12' title="bbox 208 1068 1494 1131; baseline -0.002 -15"><span class='ocrx_word' id='word_1_60' title='bbox 208 1070 413 1118; x_wconf 83' lang='lat' dir='ltr'>Evocate</span> <span class='ocrx_word' id='word_1_61' title='bbox 452 1070 580 1116; x_wconf 86' lang='lat' dir='ltr'><strong>intus</strong></span> <span class='ocrx_word' id='word_1_62' title='bbox 615 1069 906 1125; x_wconf 82' lang='lat' dir='ltr'>Culindrum</span> <span class='ocrx_word' id='word_1_63' title='bbox 943 1068 1062 1115; x_wconf 86' lang='lat' dir='ltr'><strong>mihi</strong></span> <span class='ocrx_word' id='word_1_64' title='bbox 1103 1085 1320 1131; x_wconf 88' lang='lat' dir='ltr'>coquum</span> <span class='ocrx_word' id='word_1_65' title='bbox 1360 1078 1494 1115; x_wconf 83' lang='lat' dir='ltr'><strong>actu-</strong></span> 
     </span>
     <span class='ocr_line' id='line_1_13' title="bbox 463 1142 737 1189; baseline 0 -1"><span class='ocrx_word' id='word_1_66' title='bbox 463 1153 570 1189; x_wconf 86' lang='lat' dir='ltr'>tum</span> <span class='ocrx_word' id='word_1_67' title='bbox 603 1142 737 1188; x_wconf 83' lang='lat' dir='ltr'>foras.</span> 
     </span>
    </p>
   </div>
   <div class='ocr_carea' id='block_1_7' title="bbox 262 1292 1449 1471">
    <p class='ocr_par' dir='ltr' id='par_1_7' title="bbox 262 1292 1449 1471">
     <span class='ocr_line' id='line_1_14' title="bbox 549 1292 1151 1340; baseline -0.003 0"><span class='ocrx_word' id='word_1_68' title='bbox 549 1295 585 1340; x_wconf 91' lang='lat' dir='ltr'><em>S</em></span> <span class='ocrx_word' id='word_1_69' title='bbox 643 1293 952 1339; x_wconf 83' lang='lat' dir='ltr'><em>CENA</em></span> <span class='ocrx_word' id='word_1_70' title='bbox 1039 1292 1151 1339; x_wconf 88' lang='lat' dir='ltr'>IV.</span> 
     </span>
     <span class='ocr_line' id='line_1_15' title="bbox 262 1430 1449 1471; baseline -0.005 0"><span class='ocrx_word' id='word_1_71' title='bbox 262 1431 766 1471; x_wconf 76' lang='lat' dir='ltr'><strong><em>ERoTIUM,</em></strong></span> <span class='ocrx_word' id='word_1_72' title='bbox 827 1430 1449 1468; x_wconf 80' lang='lat' dir='ltr'><strong><em>CYLINDRUS.</em></strong></span> 
     </span>
    </p>
   </div>
   <div class='ocr_carea' id='block_1_8' title="bbox 613 1561 1078 1597">
    <p class='ocr_par' dir='ltr' id='par_1_8' title="bbox 613 1561 1078 1597">
     <span class='ocr_line' id='line_1_16' title="bbox 613 1561 1078 1597; baseline -0.009 0"><span class='ocrx_word' id='word_1_73' title='bbox 613 1561 1078 1597; x_wconf 82' lang='lat' dir='ltr'><strong>EROTIUM.</strong></span> 
     </span>
    </p>
   </div>
   <div class='ocr_carea' id='block_1_9' title="bbox 215 1619 1494 1802">
    <p class='ocr_par' dir='ltr' id='par_1_9' title="bbox 215 1619 1494 1802">
     <span class='ocr_line' id='line_1_17' title="bbox 215 1619 1494 1741; baseline -0.003 -13"><span class='ocrx_word' id='word_1_74' title='bbox 215 1619 290 1732; x_wconf 81' lang='lat' dir='ltr'>S</span> <span class='ocrx_word' id='word_1_75' title='bbox 303 1696 330 1729; x_wconf 85' lang='lat' dir='ltr'>P</span> <span class='ocrx_word' id='word_1_76' title='bbox 347 1695 378 1728; x_wconf 93' lang='lat' dir='ltr'>o</span> <span class='ocrx_word' id='word_1_77' title='bbox 391 1664 424 1731; x_wconf 61' lang='lat' dir='ltr'>R</span> <span class='ocrx_word' id='word_1_78' title='bbox 434 1694 465 1727; x_wconf 87' lang='lat' dir='ltr'>T</span> <span class='ocrx_word' id='word_1_79' title='bbox 476 1693 510 1726; x_wconf 87' lang='lat' dir='ltr'>U</span> <span class='ocrx_word' id='word_1_80' title='bbox 522 1693 551 1725; x_wconf 89' lang='lat' dir='ltr'>L</span> <span class='ocrx_word' id='word_1_81' title='bbox 565 1691 598 1725; x_wconf 84' lang='lat' dir='ltr'>A</span> <span class='ocrx_word' id='word_1_82' title='bbox 612 1691 654 1724; x_wconf 91' lang='grc' dir='ltr'><strong>Μ</strong></span> <span class='ocrx_word' id='word_1_83' title='bbox 676 1695 790 1741; x_wconf 87' lang='lat' dir='ltr'>cape</span> <span class='ocrx_word' id='word_1_84' title='bbox 807 1688 952 1739; x_wconf 85' lang='lat' dir='ltr'>atque</span> <span class='ocrx_word' id='word_1_85' title='bbox 974 1686 1237 1741; x_wconf 86' lang='lat' dir='ltr'><strong>argentum.</strong></span> <span class='ocrx_word' id='word_1_86' title='bbox 1258 1691 1391 1724; x_wconf 88' lang='lat' dir='ltr'><strong>eccos</strong></span> <span class='ocrx_word' id='word_1_87' title='bbox 1413 1679 1494 1724; x_wconf 82' lang='lat' dir='ltr'><strong>tris</strong></span> 
     </span>
     <span class='ocr_line' id='line_1_18' title="bbox 245 1747 883 1802; baseline -0.013 3"><span class='ocrx_word' id='word_1_88' title='bbox 245 1747 249 1751; x_wconf 32' lang='lat'><strong>⁴</strong></span> <span class='ocrx_word' id='word_1_89' title='bbox 470 1771 696 1802; x_wconf 87' lang='lat' dir='ltr'>nummos</span> <span class='ocrx_word' id='word_1_90' title='bbox 728 1753 883 1799; x_wconf 85' lang='lat' dir='ltr'><strong>habes.</strong></span> 
     </span>
    </p>
   </div>
   <div class='ocr_carea' id='block_1_10' title="bbox 213 1854 1139 2043">
    <p class='ocr_par' dir='ltr' id='par_1_10' title="bbox 213 1854 1139 2043">
     <span class='ocr_line' id='line_1_19' title="bbox 554 1854 1139 1890; baseline -0.003 0"><span class='ocrx_word' id='word_1_91' title='bbox 554 1854 1139 1890; x_wconf 80' lang='lat' dir='ltr'>CYLINDRUS.</span> 
     </span>
     <span class='ocr_line' id='line_1_20' title="bbox 213 1916 505 1965; baseline -0.01 0"><span class='ocrx_word' id='word_1_92' title='bbox 213 1917 397 1965; x_wconf 80' lang='lat' dir='ltr'>Habeo.</span> <span class='ocrx_word' id='word_1_93' title='bbox 503 1916 505 1918; x_wconf 72' lang='grc'><strong>’</strong></span> 
     </span>
     <span class='ocr_line' id='line_1_21' title="bbox 615 2007 1079 2043; baseline -0.004 0"><span class='ocrx_word' id='word_1_94' title='bbox 615 2007 1079 2043; x_wconf 81' lang='lat' dir='ltr'><strong>EROTIUM.</strong></span> 
     </span>
    </p>
   </div>
   <div class='ocr_carea' id='block_1_11' title="bbox 342 2064 1522 2139">
    <p class='ocr_par' dir='ltr' id='par_1_11' title="bbox 342 2064 1522 2139">
     <span class='ocr_line' id='line_1_22' title="bbox 342 2064 1522 2139; baseline 0.002 -15"><span class='ocrx_word' id='word_1_95' title='bbox 342 2077 437 2125; x_wconf 80' lang='lat' dir='ltr'>Abi</span> <span class='ocrx_word' id='word_1_96' title='bbox 454 2088 599 2139; x_wconf 84' lang='lat' dir='ltr'>atque</span> <span class='ocrx_word' id='word_1_97' title='bbox 620 2077 878 2124; x_wconf 83' lang='lat' dir='ltr'>obsonium</span> <span class='ocrx_word' id='word_1_98' title='bbox 900 2076 1036 2135; x_wconf 82' lang='lat' dir='ltr'>affer,</span> <span class='ocrx_word' id='word_1_99' title='bbox 1060 2077 1208 2124; x_wconf 84' lang='lat' dir='ltr'>tribus</span> <span class='ocrx_word' id='word_1_100' title='bbox 1226 2077 1336 2124; x_wconf 84' lang='lat' dir='ltr'><strong>vide</strong></span> <span class='ocrx_word' id='word_1_101' title='bbox 1355 2079 1493 2139; x_wconf 90' lang='lat' dir='ltr'>quod</span> <span class='ocrx_word' id='word_1_102' title='bbox 1517 2064 1522 2066; x_wconf 83' lang='lat'><em>.</em></span> 
     </span>
    </p>
   </div>
   <div class='ocr_carea' id='block_1_12' title="bbox 254 2148 1440 2209">
    <p class='ocr_par' dir='ltr' id='par_1_12' title="bbox 254 2148 1440 2209">
     <span class='ocr_line' id='line_1_23' title="bbox 254 2148 1440 2209; baseline -0.001 -13"><span class='ocrx_word' id='word_1_103' title='bbox 254 2148 276 2169; x_wconf 75' lang='lat'>⁸</span> <span class='ocrx_word' id='word_1_104' title='bbox 1216 2149 1273 2196; x_wconf 87' lang='lat' dir='ltr'>sit</span> <span class='ocrx_word' id='word_1_105' title='bbox 1297 2150 1400 2195; x_wconf 87' lang='lat' dir='ltr'>satis</span> <span class='ocrx_word' id='word_1_106' title='bbox 1413 2168 1440 2209; x_wconf 29' lang='lat'>3·</span> 
     </span>
    </p>
   </div>
   <div class='ocr_carea' id='block_1_13' title="bbox 212 2218 1011 2283">
    <p class='ocr_par' dir='ltr' id='par_1_13' title="bbox 212 2218 1011 2283">
     <span class='ocr_line' id='line_1_24' title="bbox 212 2218 1011 2283; baseline -0.001 -16"><span class='ocrx_word' id='word_1_107' title='bbox 212 2219 385 2283; x_wconf 85' lang='lat' dir='ltr'><strong>Neque</strong></span> <span class='ocrx_word' id='word_1_108' title='bbox 416 2218 584 2277; x_wconf 78' lang='lat' dir='ltr'><strong>defiat,</strong></span> <span class='ocrx_word' id='word_1_109' title='bbox 612 2234 773 2279; x_wconf 88' lang='lat' dir='ltr'><strong>neque</strong></span> <span class='ocrx_word' id='word_1_110' title='bbox 802 2219 1011 2282; x_wconf 87' lang='lat' dir='ltr'><strong>supersit.</strong></span> 
     </span>
    </p>
   </div>
   <div class='ocr_carea' id='block_1_14' title="bbox 566 2326 1489 2467">
    <p class='ocr_par' dir='ltr' id='par_1_14' title="bbox 566 2326 1489 2467">
     <span class='ocr_line' id='line_1_25' title="bbox 566 2326 1142 2362; baseline 0.002 -3"><span class='ocrx_word' id='word_1_111' title='bbox 566 2327 592 2359; x_wconf 90' lang='lat' dir='ltr'>c</span> <span class='ocrx_word' id='word_1_112' title='bbox 632 2328 666 2360; x_wconf 89' lang='lat' dir='ltr'>Y</span> <span class='ocrx_word' id='word_1_113' title='bbox 703 2327 733 2359; x_wconf 85' lang='lat' dir='ltr'>L</span> <span class='ocrx_word' id='word_1_114' title='bbox 768 2329 787 2362; x_wconf 94' lang='lat'>1</span> <span class='ocrx_word' id='word_1_115' title='bbox 821 2328 853 2360; x_wconf 88' lang='lat' dir='ltr'>N</span> <span class='ocrx_word' id='word_1_116' title='bbox 891 2328 926 2360; x_wconf 88' lang='lat' dir='ltr'>D</span> <span class='ocrx_word' id='word_1_117' title='bbox 964 2328 996 2360; x_wconf 85' lang='lat' dir='ltr'>R</span> <span class='ocrx_word' id='word_1_118' title='bbox 1032 2327 1067 2359; x_wconf 84' lang='lat' dir='ltr'>U</span> <span class='ocrx_word' id='word_1_119' title='bbox 1104 2326 1142 2360; x_wconf 88' lang='lat' dir='ltr'>s.</span> 
     </span>
     <span class='ocr_line' id='line_1_26' title="bbox 647 2395 1489 2467; baseline 0 -24"><span class='ocrx_word' id='word_1_120' title='bbox 647 2397 972 2467; x_wconf 74' lang='lat' dir='ltr'><strong>Quojusmodi</strong></span> <span class='ocrx_word' id='word_1_121' title='bbox 994 2399 1044 2444; x_wconf 88' lang='lat' dir='ltr'>hi</span> <span class='ocrx_word' id='word_1_122' title='bbox 1073 2398 1290 2446; x_wconf 77' lang='lat' dir='ltr'>homInes</span> <span class='ocrx_word' id='word_1_123' title='bbox 1315 2395 1489 2444; x_wconf 83' lang='lat' dir='ltr'><strong>erunt?</strong></span> 
     </span>
    </p>
   </div>
  </div>
 </body>
</html>
