1618 2866
266 169 359 218 442
509 152 768 201 MILES
811 152 1305 204 GLORIOSUS.
1417 169 1543 206 ναι

560 275 602 307 Μ
639 274 660 307 1
696 273 726 307 L
763 274 790 307 Ρ
828 275 862 308 Η
899 274 919 307 1
956 276 990 309 D
1025 275 1047 307 1
1081 275 1110 308 Ρ
1149 276 1179 311 1·
1213 277 1261 312 Α.

261 333 485 394 Namque
523 334 696 395 edepol
738 333 821 379 vix
862 334 955 380 fuit
991 335 1127 397 copia
1155 335 1363 384 adeundi
1401 349 1550 399 atque

468 403 478 414 '
514 406 798 467 inpetrandi.
1142 419 1150 433 ¹

570 499 597 532 P
639 500 674 532 A
711 500 741 532 L
779 499 812 532 A
849 500 879 533 E
919 500 942 534 S
979 500 1010 533 Τ
1045 502 1079 534 R
1113 501 1135 533 I
1174 501 1223 535 Ο.

259 556 325 604 Ut
355 567 412 603 tu
443 557 648 621 inclytus
682 559 814 620 apud
842 559 1082 605 mulieres!

456 663 1353 711 PYRGOPOLINICES.

709 723 889 780 patim,
923 724 1119 784 quando
1151 725 1215 770 ita
1231 724 1396 772 Venus
1425 728 1549 773 volt.

470 823 1347 860 ACROTELEUTIUM.

256 892 435 944 Veneri
472 895 559 955 pol
590 894 744 940 habeo
780 893 988 958 gratiam.
1033 895 1352 958 eamdemque
1385 907 1433 943 et
1465 914 1552 944 oro

514 981 561 1015 et
584 986 759 1031 quaeso
779 1004 792 1027 ,

258 1041 325 1089 Ut
355 1043 453 1106 ejus
488 1043 606 1089 mihi
639 1044 697 1089 sit
730 1043 895 1106 copia,
937 1060 1087 1105 quem
1119 1060 1261 1102 amo,
1297 1060 1548 1105 quemque

523 1128 797 1178 expetesso;
1470 1180 1473 1181 ⁷

257 1187 598 1253 Benignusque
625 1206 730 1254 erga
753 1207 834 1237 me
860 1201 920 1255 pt
946 1192 1054 1242 siet;
1084 1191 1224 1253 quod
1253 1189 1470 1253 cupiam,
1490 1199 1554 1255 ne

519 1274 748 1326 gravetur.

555 1355 1263 1390 MILPRIDIPPA.

261 1414 407 1477 Spero
431 1415 495 1461 ita
511 1415 759 1473 futurum,
782 1432 1077 1478 quamquam
1096 1418 1235 1463 illum
1255 1417 1437 1462 multae
1460 1415 1548 1460 sibi

517 1498 820 1549 expetessunt
833 1521 847 1544 ,

259 1561 347 1608 Ille
378 1562 476 1607 illas
504 1562 682 1624 spernit
709 1571 1012 1626 segregatque
1044 1559 1106 1605 ab
1133 1576 1180 1605 se
1207 1559 1388 1615 omniS,
1421 1568 1551 1603 extra

517 1646 566 1680 te
594 1651 757 1681 unam.

483 1710 1355 1761 ᾸοΒοΤΕιΕσ-ΓῙΗΜ.
1542 1763 1546 1767 ,

262 1787 387 1851 Ergo
411 1788 495 1837 iste
515 1799 670 1850 metus
700 1804 782 1833 me
806 1797 1007 1832 macerat
1024 1819 1037 1842 ‚
1070 1784 1207 1846 quod
1230 1784 1309 1830 ille
1337 1781 1546 1828 fastidio-

523 1877 597 1906 sus
627 1870 694 1905 est
712 1894 726 1916 ‚

264 1934 339 1980 Ne
356 1934 482 1980 oculi
507 1935 603 1998 ejus
629 1933 911 1981 sententiam
926 1941 1143 1987 mutent,
1163 1930 1249 1976 ubi
1266 1928 1436 1975 viderit
1454 1946 1548 1975 me.

267 2006 430 2068 Atque
463 2007 561 2071 ejus
604 2006 832 2071 elegantia
859 2021 1016 2050 meam
1061 2003 1325 2064 extemplo
1348 2002 1553 2063 speciem

519 2091 719 2143 spernat.

560 2167 1267 2208 MILPHIDIPPA.

266 2230 381 2279 Non
404 2232 543 2279 faciet
560 2267 574 2290 ,
606 2233 797 2279 bonum
824 2231 1039 2278 animum
1058 2230 1192 2276 habe.

465 2303 1433 2371 PYRGOPOLINIGEffi'

952 2392 1016 2439 Ut
1049 2393 1146 2454 ipsa
1179 2407 1226 2437 se
1254 2385 1551 2443 contemnit!
