1618 2866
234 177 298 237 58
579 173 1145 224 CURCULIQ
1374 194 1418 226 v.
1457 196 1519 239 ιτ

625 297 652 337 C
691 297 726 330 u
762 297 796 338 iz
830 296 857 329 c
894 294 930 328 U
965 296 997 329 1.
1031 297 1054 330 1
1088 297 1137 337 o.

234 368 654 417 Nullamabduxi.

478 472 1327 513 THERAPONTIGONUSQ

531 546 670 593 Certe
697 547 940 606 eccistam,
968 548 1125 596 video.

540 644 571 678 P
607 645 643 679 H
679 644 714 678 A
748 646 779 679 E
816 647 853 679 D
892 647 926 681 R
963 648 995 680 Ο
1031 649 1075 681 Μ
1112 647 1147 680 U
1183 646 1221 681 S.

957 717 1103 783 Virgo
1131 720 1244 778 haec
1272 717 1416 765 libera
1443 717 1529 767 ἐΐις

474 818 1274 855 THERAPONTIGONUS.

227 895 383 943 Mean’
412 890 580 940 ancilla
605 896 753 942 libera
770 909 826 943 ut
850 899 938 945 sit?
959 915 1107 961 quam
1128 913 1518 964 egonumquam.

484 985 616 1014 em1s1
641 987 800 1017 manu.

538 1064 566 1097 P
604 1064 639 1097 Η
675 1065 709 1099 Α
745 1066 775 1099 Ε
813 1067 848 1100 D
886 1069 919 1101 R
958 1068 990 1100 o
1028 1068 1071 1101 M
1107 1066 1142 1101 U
1179 1068 1218 1102 s.

229 1132 351 1202 Quis
369 1131 458 1179 tibi
474 1132 595 1178 hanc
616 1132 750 1179 dedit
767 1134 1055 1197 mancupio?
1075 1147 1158 1183 aut
1174 1134 1305 1183 unde
1324 1132 1508 1181 emisti?

483 1206 555 1253 fac
579 1209 733 1255 sciam.

456 1303 1276 1342 THERAPONTIGONUS.

228 1378 330 1442 Ego
366 1377 567 1438 quidem
612 1395 700 1441 pro
738 1380 848 1427 istac
885 1395 987 1424 rem
1023 1379 1143 1426 solvi
1192 1379 1260 1425 abv
1287 1378 1515 1440 trapezita.

482 1468 608 1497 meo.

228 1524 399 1594 Quam.
419 1541 507 1588 ego
534 1523 789 1585 pecuniam
818 1521 1180 1584 quadruplicem
1200 1523 1281 1569 abs
1300 1534 1347 1568 te
1370 1534 1418 1569 et
1438 1526 1510 1570 le-

479 1614 610 1644 none
639 1596 860 1643 auferam.

536 1697 1216 1741 PHAEDROMUS.

229 1781 332 1850 Qui
360 1781 467 1827 scias
497 1782 694 1828 mercari
725 1780 916 1827 furtivas
950 1789 1098 1842 atque
1133 1777 1360 1842 ingenuas
1390 1778 1498 1826 vix--

479 1872 636 1920 gines,

227 1925 435 1974 Ambula
461 1928 511 1974 in
531 1929 622 1992 jus.

473 2025 1272 2062 THERAPONTIGONUQ

575 2097 688 2143 Non
716 2112 787 2143 eo.

525 2198 554 2230 P
594 2197 630 2231 Η
663 2196 699 2230 A
732 2197 763 2230 E
799 2197 835 2229 D
872 2196 906 2229 R
941 2196 973 2229 o
1011 2195 1054 2228 M
1089 2195 1124 2229 U
1161 2195 1200 2228 s.

777 2266 911 2312 Licet
935 2277 983 2311 te
1011 2263 1271 2312 antestari?

466 2362 1268 2399 THERAPONTIGONUS.

1238 2430 1503 2479 Nonliceh
1574 2417 1580 2423 ὁ
