1618 2866
119 127 252 188 v.69
397 123 684 173 ACTUS
732 125 853 170 ΙΙΙ.
903 123 1010 172 SC.
1060 126 1162 173 1V.
1305 143 1402 192 299

124 236 323 306 Quanto
345 246 394 282 te
420 236 536 282 satiu
555 235 608 280 ’st
631 251 709 280 tus
732 234 896 295 aliquo
914 234 1069 293 abire,
1095 235 1164 282 ibi
1188 253 1282 283 esse
1297 271 1312 295 ‚
1334 237 1403 283 ibi

377 325 534 355 v1vere
553 327 562 352 :

123 380 259 428 Adeo
291 381 411 427 dum
434 381 573 426 illius
601 392 649 427 te
684 377 930 442 cupiditas-
950 393 1096 443 atque
1127 399 1262 429 amor
1293 383 1406 430 mis-

379 471 487 501 sum
523 453 668 501 facit?

384 576 446 579 o
488 550 539 583 ”C
577 550 613 584 11
645 549 682 583 A
715 552 750 585 R
785 552 806 585 1
839 553 874 585 N
911 551 947 584 U
984 551 1023 585 S.

117 611 227 671 Jam
258 604 414 658 di'xisti
431 611 454 656 ?
507 664 509 667 Α

511 696 543 729 E
577 696 615 729 U
651 696 683 729 T
718 696 754 728 Y
790 696 818 728 C
854 694 889 727 H
925 694 962 727 U
997 694 1037 728 S.

313 747 443 796 Dixi.

510 834 538 866 C
575 834 612 867 H
647 833 682 866 A
717 834 751 868 R
790 834 811 867 I
846 834 882 867 N
919 833 955 865 U
992 833 1031 867 S.

302 886 306 889 i
354 894 539 942 Frustra
563 895 697 941 dixti.
724 896 819 941 hoc
841 895 961 940 mihi
980 894 1313 941 certissumum
1330 895 1399 942 ’st-

121 968 195 1016 Eo
222 968 454 1026 domum,
488 981 672 1030 patrem
699 979 847 1030 atque
871 979 1072 1014 matrem
1099 979 1155 1014 ut
1176 985 1308 1014 meos
1337 985 1403 1013 saa

375 1043 528 1088 lutem
550 1061 559 1086 :
592 1052 755 1102 postea
931 1038 952 1042 “

123 1115 260 1163 Clam
288 1127 472 1177 patrem
501 1116 648 1178 patria
690 1117 778 1162 hac
809 1115 1059 1180 effugiam,
1098 1127 1183 1162 aut
1220 1114 1404 1177 aliquid

377 1189 558 1251 capiam
588 1189 766 1236 consili.

510 1292 541 1324 E
579 1291 615 1323 U
650 1291 683 1324 T
719 1291 755 1324 Y
788 1291 816 1323 C
850 1290 886 1322 H
921 1289 956 1322 U
993 1289 1031 1322 S.

122 1359 189 1407 Ut
217 1359 459 1421 conripuit
490 1376 538 1406 se
564 1371 791 1421 repente,
828 1370 976 1420 atque
1005 1358 1144 1405 abiit!
1175 1360 1273 1405 heu
1307 1361 1402 1405 mi·-
1459 1370 1461 1372 ’

378 1448 478 1478 sero
511 1432 658 1479 mihi!

122 1504 172 1552 Si
204 1505 284 1551 ille
323 1505 515 1563 abierit,
550 1523 657 1552 mea
691 1505 872 1551 factum
910 1520 1076 1550 omnes
1114 1504 1275 1550 dicent
1308 1521 1402 1551 esse

373 1581 569 1645 ignavia.
1213 1569 1218 1574 ⁴

125 1652 324 1699 Certum
346 1654 402 1698 ’st
436 1669 728 1714 praeconum
758 1651 929 1717 jubere
951 1651 1054 1715 jam
1082 1661 1320 1711 quantum
1348 1650 1404 1696 ’st

141 1784 143 1787 y
386 1728 672 1786 conducier,

123 1798 237 1868 Qui·
254 1799 382 1845 iliam
416 1800 699 1865 investigent
717 1837 732 1858 ,
773 1802 860 1862 qui
891 1801 1149 1850 inveniant.
1194 1810 1305 1862 post
1338 1797 1400 1845 ad

244 1871 249 1875 ’
278 1874 287 1883 “
373 1871 641 1919 Praetorem
665 1874 793 1920 illico
846 1906 854 1908 μ

123 1941 215 1988 Ibo
230 1976 245 2000 ,
275 1944 421 1990 orabo
440 1980 454 2002 ,
493 1957 549 1992 ut
571 1947 913 2008 conquisitores
941 1947 1024 1993 det
1052 1945 1171 1992 mihi
1202 1946 1254 1990 in
1287 1943 1402 1990 vicis

377 2018 602 2064 omnibus
623 2038 633 2064 z

126 2085 251 2134 Nam
280 2085 400 2135 niihi
425 2091 546 2137 nihil
571 2093 722 2140 relicti
749 2093 1021 2157 quidquam
1046 2092 1178 2140 aliud
1186 2103 1288 2157 Jam
1305 2106 1401 2138 esse

377 2163 613 2230 intellego.
