1618 2866
82 137 221 195 *18
331 133 668 183 ACTUS
719 134 819 184 IV.
868 135 969 184 SC.
1020 136 1121 186 IV.
1270 154 1363 200 435

85 245 489 311 Opusestdolis.

23 312 28 329 ¹
437 329 1009 366 PLEUSIDES.

257 393 407 440 Domi
435 408 528 438 esse
554 390 615 437 ad
640 408 743 438 eam
765 409 867 438 rem
891 392 1036 439 video
1064 395 1203 440 silvae
1228 395 1358 443 satis:

81 468 303 515 Mulieres
342 477 459 510 tres:
507 474 701 525 quartus
739 475 845 510 tute
879 481 925 510 es
944 499 959 521 ,
1004 466 1199 526 quintus
1237 484 1325 533 ego
1346 503 1366 528 ,

334 549 490 584 sextus
517 553 674 584 senex.

394 623 424 656 P
458 623 495 656 A
527 623 559 656 Ι.
593 622 629 655 A
662 622 695 654 Β
733 621 757 655 S
793 623 826 655 Τ
860 623 894 656 R
929 623 951 655 1
986 622 1034 655 Ο.

83 688 226 757 Quot
241 676 370 748 apud
387 701 473 730 nos
486 682 771 730 fallaciarum
786 695 854 729 est
868 685 1101 731 excisum!
1122 698 1250 733 certo
1269 687 1364 735 scio

82 759 335 821 Oppidum
360 756 563 819 quodvis
579 756 771 803 videtur
792 773 927 818 posse
946 761 1226 822 expugnari
1218 760 1364 806 dohs.

79 831 204 878 Date
228 831 379 878 modo
412 834 620 891 o'peram.

46 904 49 906 ’
304 922 1164 958 ACROTELEUTIUM.

335 983 394 1028 Id
423 997 508 1027 nos
529 980 589 1026 ad
612 992 686 1037 te,
718 981 754 1025 si
776 980 901 1041 quid
924 982 1070 1043 yelles
1087 1016 1101 1037 ‚
1124 983 1358 1028 venimus,

402 1076 430 1108 P
467 1075 503 1107 A
537 1075 568 1107 L
602 1073 637 1107 A
673 1074 703 1106 E
740 1074 762 1108 S
801 1074 833 1106 T
869 1075 903 1108 R
938 1074 958 1107 Ῑ
995 1074 1044 1107 Ο.

77 1135 260 1197 Lepide
287 1135 447 1181 facitis.
479 1150 611 1181 nunc
644 1135 766 1180 hanc
798 1135 888 1181 tibi
919 1151 1008 1198 ego
1038 1134 1222 1197 impero
1248 1154 1362 1198 pro-

334 1225 553 1256 vmclam.

300 1292 1161 1327 ACROTELEUTIUM.

78 1355 338 1418 Inpetrabis
354 1390 369 1412 ‚
398 1356 677 1417 imperator,
702 1354 840 1416 quod
869 1371 958 1419 ego
988 1365 1185 1416 potero,
1219 1354 1359 1415 quod

336 1428 479 1473 voles.

397 1514 426 1547 P
462 1514 497 1546 A
531 1514 563 1547 L
600 1513 636 1546 A
670 1512 700 1545 E
739 1511 762 1544 S
798 1513 829 1544 T
864 1513 898 1545 R
934 1513 955 1545 I
990 1513 1039 1547 O·

74 1573 279 1620 Militem
305 1573 499 1637 lepide,
529 1585 577 1618 et
607 1572 780 1630 facete,
808 1583 856 1618 et
884 1574 1011 1618 laute
1040 1569 1320 1618 ludificarier

75 1645 216 1694 Volo.

87 1739 91 1742 ⁴
293 1716 1155 1756 ACROTELEUTIUM.

166 1783 481 1845 Voluptatem
499 1792 726 1828 mecastor
748 1781 869 1827 mihi
885 1781 1099 1843 imperas.

232 1865 237 1868 ⁴
393 1877 423 1909 P
458 1876 494 1909 A
528 1876 560 1909 L
594 1876 630 1908 A
664 1875 694 1907 E
731 1876 754 1909 s
791 1876 822 1908 ‘r
859 1878 891 1910 R
927 1876 947 1908 1
984 1877 1033 1909 o.

617 1934 680 1980 Et
701 1935 810 1980 scin’
830 1945 887 1980 tu
905 1933 1318 1995 quemadmodum
1331 1933 1359 1990 Ξ),

292 2008 1158 2057 ΑςιιοΤΕῙζΕσΤιυΜ.

78 2075 261 2138 Nempe
285 2089 340 2124 ut
357 2080 623 2125 assimulem
639 2095 718 2126 me
740 2096 900 2125 amore
918 2080 1046 2124 istius
1063 2079 1251 2124 differri.

385 2163 1028 2207 P'ALAESTRIO.

1062 2225 1354 2271 RemteneS.

301 2308 1152 2345 ACROTELEUTIUM.

79 2369 325 2438 Quasique
351 2368 478 2416 istius
495 2386 648 2418 caussa
673 2373 840 2419 amoris
859 2387 918 2417 ex
936 2372 1027 2416 hoc
1045 2369 1350 2415 matrimonio

969 2443 1008 2487 E
1033 2458 1058 2485 e
1097 2456 1120 2489 2
