1618 2866
237 141 327 188 622
699 115 1106 186 PERSA'
1260 210 1261 213 Ἴ
1396 118 1530 199 v.76

652 255 685 289 Τ
723 259 755 291 o
795 256 830 290 Χ
867 259 887 290 1
923 258 954 292 L
996 259 1029 290 U
1067 257 1104 291 5.
1394 296 1405 301 2

393 317 477 364 Dii
507 318 641 364 istam
661 318 886 380 perdant!
921 319 985 365 ita
1016 330 1116 365 cata
1149 330 1216 365 est
1245 330 1292 366 et
1315 323 1492 370 callida.

232 392 393 439 Habet
415 392 522 438 cor!
562 409 709 454 quam
743 392 858 438 dicit
878 426 892 450 ‚
926 392 1064 454 quod
1093 389 1284 454 opU’st!
1325 432 1338 446 ,
1503 385 1507 388 ’

627 491 664 523 D
703 491 734 524 o
772 492 806 524 R
843 491 879 522 D
917 490 950 523 A
989 491 1019 524 L
1055 490 1090 523 U
1129 489 1166 524 S.

921 552 1060 622 Quid
1088 568 1270 600 nomen
1305 554 1396 601 tibi
1424 556 1524 610 esti’,

648 645 680 678 T
716 646 748 679 o
785 646 821 678 Χ
858 647 879 679 1
915 647 945 680 L
983 646 1020 679 U
1056 646 1094 680 s.

232 706 374 752 Nunc
399 716 566 752 metuo
584 740 599 764 ,
629 721 696 752 ne
717 718 898 768 peccet.

721 801 758 835 V
794 801 815 833 Ι
851 802 884 834 R
922 800 954 834 G
990 801 1036 835 Ο.

706 861 912 907 *Lucridi
945 855 1128 908 nornen
1155 862 1207 908 in
1232 863 1381 925 patria
1412 863 1516 912 fuit.

644 962 676 994 Τ
713 961 745 994 o
782 961 818 993 X
855 961 876 993 1
913 961 943 994 L
982 961 1017 994 U
1055 961 1093 995 s.

225 1022 420 1069 Nomen
450 1033 595 1082 atque
621 1038 766 1067 omen
790 1006 1026 1083 quantivis
1059 1032 1127 1068 est
1147 1024 1286 1085 preti.
1314 1024 1436 1085 quin
1459 1035 1516 1071 tu

479 1097 599 1142 hanc
629 1096 779 1141 emis?
988 1090 1010 1153 ᾗ
1178 1152 1180 1155 ⁴

226 1173 376 1218 Nimis
405 1172 641 1235 pavebam
658 1206 672 1229 ‚
698 1187 761 1217 ne
796 1161 1023 1238 peccarbp.
1063 1168 1323 1232 expedivit.

619 1274 655 1306 D
696 1273 728 1306 o
762 1274 796 1307 R
831 1275 867 1307 D
903 1274 939 1308 A
973 1273 1004 1307 L
1039 1273 1076 1308 U
1111 1273 1148 1306 s.

1157 1334 1208 1382 Si
1234 1345 1283 1382 te
1319 1351 1473 1384 emam
1491 1367 1514 1397 ,

222 1398 342 1444 Mihi
371 1415 570 1459 quoque
597 1398 852 1461 Lucridem
880 1400 1075 1446 confido
1111 1399 1213 1446 fore
1241 1411 1299 1446 te.

334 1484 339 1488 ’
644 1500 675 1533 Τ
714 1501 746 1534 o
781 1501 818 1534 Χ
852 1502 875 1534 1
908 1501 939 1534 L
978 1501 1027 1539 U,
1049 1501 1083 1534 5.
1156 1519 1180 1525 -

901 1578 908 1584 ·
983 1563 1067 1610 Tu
1092 1564 1130 1609 si
1165 1564 1284 1609 hanc
1310 1564 1473 1610 emeris
1487 1597 1504 1621 ‚

222 1632 504 1695 Numquam
523 1635 679 1680 hercle
702 1636 832 1681 hunc
853 1651 1067 1681 mensem
1091 1646 1388 1696 vertentem,
1406 1651 1506 1682 cre-

206 1696 213 1703 ’
475 1708 540 1753 do
560 1743 573 1766 ‚
607 1709 800 1756 servibit
824 1708 926 1755 tibi.

605 1810 640 1841 D
681 1809 712 1842 o
754 1811 787 1843 R
823 1810 859 1841 D
895 1809 930 1842 A
963 1809 995 1842 L
1032 1809 1066 1841 U
1101 1808 1140 1842 s.

216 1866 287 1912 Ita
315 1868 459 1914 velim
491 1868 687 1929 quidem
719 1870 889 1915 hercle.

635 1964 667 1996 Τ
707 1964 739 1996 o
775 1963 812 1995 Χ
845 1963 933 1996 111L
971 1962 1006 1995 U
1042 1961 1080 1994 s.

534 2024 711 2086 Optata
738 2034 792 2069 ut
818 2020 1065 2080 eveniant,
1099 2018 1291 2083 operam
1314 2021 1503 2082 addito-⁴

214 2097 346 2144 Nihil
372 2098 527 2146 adhuc
548 2099 762 2161 peccavit
792 2099 943 2144 etiam.

601 2200 638 2233 D
678 2199 710 2232 Ο
749 2200 781 2232 R
817 2200 853 2232 D
890 2199 925 2232 A
961 2199 992 2232 L
1029 2199 1064 2231 U
1100 2198 1135 2232 S·

914 2259 1006 2305 Ubi
1038 2270 1092 2306 tu
1114 2269 1223 2306 nata
1253 2258 1331 2305 es?

693 2351 1009 2387 VIRGO.

1211 2373 1213 2375 r
1275 2402 1341 2451 Ut
1357 2363 1491 2450 ‘mihi
1567 2368 1569 2422 j
