1618 2866
69 191 202 236 ιη
391 179 680 228 ACTUS
733 179 791 227 v.
842 147 1063 228 sovs
1247 198 1337 244 215

551 302 573 335 s
609 302 639 335 Ε
674 303 707 335 N
744 302 775 334 Ε
810 302 861 335 x.

71 367 232 430 Atque
263 384 428 416 eccum
460 371 615 432 ipsum
646 370 907 416 hominem.

484 460 527 501 M
560 467 591 501 Ε
625 469 661 501 D
695 469 716 501 1
751 469 778 501 c
814 468 849 502 u
886 467 923 501 s.

537 534 853 581 observemus
870 569 885 591 ,
919 549 1065 595 quam
1092 549 1194 580 rem
1218 545 1336 600 agat.

494 688 813 737 SCENA
886 690 933 735 V.

107 822 952 881 MBNAECHMUSsurreptus,
997 827 1304 866 SENEX‚

510 931 888 966 MEDICUS.

369 1070 1033 1106 MENAECHMUS.

70 1124 158 1247 E
170 1198 205 1230 D
219 1197 249 1230 Ε
264 1198 292 1231 P
308 1198 339 1231 o
354 1198 384 1231 L
409 1203 497 1232 nae
515 1187 591 1233 hic
617 1187 713 1234 dies
736 1205 979 1252 pervorsus
1002 1199 1147 1250 atque
1167 1188 1336 1237 advor-

149 1240 169 1263 ⁶
321 1276 394 1305 sus
426 1260 547 1305 mihi
575 1261 765 1325 obtigit:

73 1330 212 1401 Quae
239 1348 318 1378 me
343 1335 461 1379 clam
479 1344 602 1379 ratus
626 1350 731 1380 sum
758 1333 908 1380 facere
923 1368 938 1393 ,
969 1351 1021 1381 ea
1039 1335 1199 1381 omnia
1227 1335 1337 1382 fecit

321 1406 475 1467 palam

72 1474 320 1534 ParasituS,
343 1479 430 1540 qui
458 1494 536 1523 me
559 1477 800 1538 conplevit
818 1477 962 1540 flagiti
986 1490 1033 1523 et
1055 1478 1336 1524 formidinis:

70 1536 207 1594 Meus
221 1548 424 1611 Ulysses,
447 1566 533 1596 suo
556 1550 642 1610 qui
659 1549 756 1612 regi
778 1559 966 1593 tantum
992 1549 1346 1607 concivitmali,

73 1619 238 1689 Quem
271 1638 358 1686 ego
384 1623 657 1678 hominem,
684 1622 720 1666 si
748 1620 948 1681 quidem
971 1621 1110 1677 νὶνο,
1138 1620 1235 1667 vita
1256 1620 1338 1665 de-

327 1695 518 1740 volvam
542 1711 636 1740 sua.

72 1763 167 1811 Sed
196 1783 283 1830 ego
314 1768 484 1812 stultus
505 1776 639 1823 sum,
671 1766 757 1828 qui
778 1763 903 1813 illius
933 1782 1026 1812 esse
1055 1765 1188 1823 dico,
1214 1782 1339 1827 quae

89 1891 97 1898 ¹
232 1894 237 1899 Δ
328 1856 434 1886 mea
465 1851 533 1885 Slt.

73 1900 185 1957 Meo
206 1911 314 1958 cibo
338 1924 385 1958 et
418 1924 580 1959 sumtu
616 1913 820 1960 educatu
836 1914 915 1960 ’stz
955 1914 1111 1959 anima
1136 1913 1335 1975 privabo

252 1977 254 1979 V
320 1987 489 2033 virum.

78 2053 323 2121 Condigne
347 2070 506 2105 autem
523 2061 637 2106 haec
665 2060 886 2105 meretrix
911 2058 1048 2117 fecit,
1068 2069 1124 2106 ut
1143 2075 1246 2105 mos
1272 2068 1339 2103 est

325 2131 623 2178 meretricius.

17 2222 24 2228 ·
80 2198 209 2268 Quia
235 2216 348 2265 rogo
370 2206 539 2264 pallam
553 2240 568 2263 ,
592 2217 649 2252 ut
679 2206 902 2253 referatur
924 2223 1110 2253 rursum
1132 2202 1194 2250 ad
1220 2218 1340 2248 uxo‘

326 2291 426 2320 rem
451 2293 606 2329 meam
623 2313 637 2335 ,

81 2347 201 2393 Mihi
229 2362 275 2392 se
300 2346 363 2392 ait
389 2347 576 2394 dedisse.
604 2351 702 2398 heu
727 2351 925 2412 edepol,
958 2360 1046 2396 nae
1073 2365 1160 2412 ego
1188 2348 1336 2391 homo

97 2417 108 2432 “
331 2419 442 2466 vivo
467 2421 624 2466 miser!

930 2493 1122 2552 '04
