1618 2866
73 223 200 260 ιρι
365 203 655 254 ACTUS
708 206 835 252 111.
890 202 1004 252 SC.
1052 206 1091 252 1.
1254 215 1351 269 5oq

364 323 1081 360 THEUROPIDES.

74 386 211 458 Quid
246 398 350 434 tute
375 398 536 432 tecum
553 386 575 431 ?

524 469 557 503 Τ
591 471 627 504 R
663 469 699 502 A
734 470 769 503 N
804 469 824 502 1
862 469 910 502 o.

593 529 726 575 Nihil
749 529 892 575 enim.
927 527 1010 574 sed
1040 527 1117 575 dic
1143 528 1261 576 mihi

74 595 257 642 Dixtin’
283 610 456 656 quaeso
473 594 496 640 ?

362 676 1082 712 TREUROPIDES.

487 736 602 783 Dixi
622 772 637 795 ‚
666 737 893 799 inquam,
923 737 1092 784 ordine
1123 737 1297 784 omnia.

523 835 556 868 Τ
592 837 627 869 R
660 835 696 869 A
730 836 765 869 N
799 835 821 868 1
857 835 905 869 0.

70 893 226 943 Etiam
250 894 422 942 fatetur
451 894 511 940 de
535 895 751 957 hospite?

362 989 1084 1025 THEUROPIDES.

762 1050 921 1094 Immo
948 1059 1187 1112 pernegat.

464 1159 468 1163 -
522 1142 555 1174 T
590 1143 625 1176 R
658 1141 695 1175 A
728 1142 763 1175 N
799 1141 821 1174 1
859 1141 910 1174 ο.

72 1196 256 1262 Negat?

362 1268 1082 1306 THEUROP'IDES.

232 1334 415 1398 Negat,
442 1333 656 1393 inquam.

491 1416 551 1448 ιΤ
585 1416 620 1449 R
655 1416 691 1448 A
723 1416 758 1449 N
795 1415 817 1447 1
853 1415 903 1448 o.

580 1474 702 1520 Perii
735 1473 945 1536 oppid0‚
980 1490 1133 1536 quom
1163 1474 1347 1539 cogito!

69 1541 182 1588 Non
212 1540 503 1588 confitetur?

358 1623 1074 1661 THEUROPIDES.

518 1686 692 1733 Dicam
708 1719 722 1742 ‚
750 1684 786 1729 si
810 1682 1046 1729 confessus
1079 1683 1149 1729 sit.

70 1759 206 1828 Quid
229 1775 361 1806 nunc
382 1757 663 1806 faciundum
693 1772 848 1804 censes
862 1756 884 1801 ?

517 1853 549 1886 'r
584 1854 619 1887 R
653 1853 689 1885 A
722 1852 755 1885 N
793 1851 815 1883 1
850 1850 900 1883 o.
1330 1895 1333 1898 -

751 1911 920 1975 Egon’,
945 1910 1067 1972 quid
1095 1913 1343 1962 censeam?

70 1982 223 2045 Cape,
258 1985 451 2031 obsecro
474 1985 694 2041 hercule,
724 1999 838 2030 cum
861 1999 918 2029 eo
946 1999 1043 2028 una
1064 1984 1305 2046 judicem:

64 2053 163 2100 Sed
194 2073 306 2102 eum
331 2058 494 2104 videto
524 2068 580 2102 ut
611 2057 787 2118 capias,
820 2056 906 2116 qui
935 2056 1093 2101 credat
1124 2056 1257 2100 mihi.

67 2125 191 2171 Tam
209 2126 340 2174 facile
364 2130 521 2176 vinces
534 2163 549 2187 ,
575 2146 724 2191 quam
746 2130 908 2191 pirum
925 2130 1090 2190 volpes
1113 2138 1302 2174 comest.

481 2227 518 2259 D
553 2226 589 2258 A
622 2227 656 2259 N
691 2227 713 2258 1
750 2225 773 2258 s
812 2225 844 2257 T
880 2225 930 2258 A.

66 2283 164 2332 Sed
191 2284 517 2332 Philolachetis
550 2303 717 2333 eccum
744 2302 929 2333 servom
949 2286 1206 2344 Tranium,

66 2354 168 2425 Qui
208 2354 327 2400 mihi
363 2370 523 2414 neque
551 2356 687 2404 fenus
703 2391 720 2416 ,
751 2372 912 2419 neque
951 2370 1126 2405 sortem
1158 2357 1335 2423 argenti
1363 2368 1365 2370 ’

322 2424 518 2471 danunt.
