1618 2866
229 205 316 256 182
501 200 1232 252 MENAECHMEI.
1379 218 1502 265 v.23

583 325 611 357 Ρ
647 325 678 358 Ε
714 326 747 358 Ν
785 325 806 358 1
845 326 877 358 c-
910 325 946 357 U
981 326 1012 359 1.
1047 327 1083 359 U
1119 326 1158 361 s.

1013 386 1149 455 Quid
1175 388 1263 444 ais,
1293 389 1445 435 homo

229 457 404 503 Levior
441 473 586 517 quam
618 458 812 518 pluma,
850 474 1067 518 pessume
1098 470 1145 504 et
1173 460 1473 520 nequissume
1492 492 1507 517 ,

186 578 191 583 ,
231 530 487 593 Flagitium
514 530 745 588 hominis,
770 531 1002 588 subdole,
1034 547 1086 577 ac
1111 531 1298 578 minimi
1323 531 1476 592 preti?

233 602 374 670 Quid
398 602 459 647 de
488 613 536 647 te
567 603 721 648 merui
739 637 751 660 ,
778 620 873 663 qua
902 621 981 649 me
1013 620 1165 650 caussa
1194 603 1439 665 perderes?

237 676 303 722 Ut
333 676 605 738 subripuisti
634 688 681 722 te
714 677 832 722 mihi
867 677 1056 723 dudum
1087 677 1308 723 deforo!

235 750 403 796 Fecisti
435 750 578 796 funus
598 784 611 807 ,
646 750 760 796 med
789 751 995 807 absenti,
1029 740 1250 812 prandio:

239 824 336 870 Cur
379 826 543 870 ausu’s
576 825 756 882 facere,
805 825 923 886 quoi
963 841 1051 888 ego
1092 840 1244 885 aeque
1291 840 1344 869 ac
1388 823 1518 870 heres

492 914 618 944 eram
637 898 659 943 ?

548 982 591 1015 Μ
625 983 654 1015 Ε
692 984 726 1017 N
762 983 797 1017 A
831 984 861 1017 E
901 984 926 1016 C
966 983 1000 1016 Η
1039 982 1082 1015 Μ
1117 982 1153 1015 U
1191 982 1231 1016 S.

241 1043 559 1102 Adulescens,
597 1062 800 1106 quaeso,
834 1045 955 1106 quid
983 1045 1072 1091 tibi
1102 1043 1295 1090 mecum
1328 1053 1395 1088 est
1426 1043 1523 1100 rei,

248 1118 351 1185 Qui
385 1118 505 1163 mihi
534 1120 655 1165 male
694 1119 814 1165 dicas
847 1118 1035 1164 homini
1065 1118 1231 1180 ignoto
1261 1115 1491 1162 insciens?

246 1191 324 1238 An
361 1192 449 1238 tibi
481 1195 654 1240 malam
681 1211 782 1241 rem
808 1195 876 1240 vis
906 1208 993 1255 pro
1024 1190 1282 1237 maledictis
1314 1189 1414 1236 dari

247 1263 452 1311 Postea?

606 1340 1183 1376 PENICULUS.

405 1404 522 1449 Eam
556 1402 755 1463 quidem
784 1401 957 1463 edepol
984 1413 1031 1448 te
1061 1402 1238 1450 dedisse
1259 1401 1497 1465 intellego.

494 1494 1231 1529 *MENAECHMUQ

257 1557 538 1620 Responde,
580 1556 880 1613 adulescens,
918 1571 1124 1616 quaeso,
1158 1554 1280 1616 quid
1319 1554 1408 1599 tibi
1442 1567 1532 1597 no-

513 1647 626 1677 men
657 1630 756 1675 est?

612 1717 640 1749 P
676 1716 706 1748 Ε
742 1715 775 1747 Ν
801 1713 831 1762 ,Ι
867 1713 894 1746 c
931 1711 965 1744 U
1000 1710 1030 1743 L
1067 1709 1102 1742 U
1139 1708 1176 1742 s.

257 1777 415 1824 Etiam
449 1775 655 1832 derides,
690 1773 823 1835 quasi
852 1765 1034 1817 nomen
1062 1785 1164 1815 non
1192 1768 1413 1815 noveris?

562 1853 1237 1900 MENAEC'HMUS.

260 1929 373 1976 Non
397 1928 567 1989 edepol
592 1942 678 1990 ego
712 1937 760 1971 te
776 1959 789 1982 ,
815 1923 952 1986 quod
977 1923 1144 1978 sciam,
1174 1937 1408 1981 umquam
1428 1929 1536 1966 ante

520 2001 650 2045 hunc
687 1999 817 2044 diem
1512 2059 1516 2061 ι

260 2074 405 2132 Vidi,
437 2090 598 2135 neque
634 2071 774 2129 novi,
799 2087 968 2118 verum
999 2078 1126 2114 certo
1149 2067 1366 2128 quisquis
1396 2081 1471 2122 es,

267 2146 493 2207 Aequom
524 2145 558 2190 si
589 2144 754 2201 facias,
788 2142 908 2189 mihi
937 2140 1124 2187 odiosus
1158 2156 1219 2185 ne
1249 2140 1344 2185 sies.

618 2240 647 2272 P
682 2238 712 2270 E
747 2238 781 2270 N
814 2238 836 2270 1
872 2237 898 2269 C
936 2235 971 2267 U
1007 2235 1037 2268 L
1074 2235 1108 2268 U
1146 2234 1182 2267 S.

265 2301 379 2348 Non
404 2318 483 2348 me
510 2300 718 2348 novisti?

571 2389 612 2421 M
649 2385 679 2418 E
714 2386 747 2417 N
785 2384 818 2417 A
853 2384 882 2416 E
919 2384 945 2415 c
983 2383 1016 2415 Η
1055 2381 1097 2414 Μ
1132 2382 1166 2414 U
1205 2380 1241 2413 s.

654 2448 767 2494 Non
802 2462 973 2510 negem
992 2479 1004 2502 ,
1029 2444 1064 2490 si
1097 2442 1326 2490 noverim.
