1618 2866
89 213 217 246 κιρ
282 236 288 242 .
442 195 733 244 ACTUS
781 197 819 243 Ι.
868 195 974 245 SC.
1021 199 1059 245 Ι.
1301 213 1360 259 77

91 306 215 351 Nam
238 315 294 351 ut
313 305 442 367 apud
464 315 662 367 portum
686 316 734 351 te
758 306 1008 368 conspexi,
1028 307 1259 364 cuniculo
1286 325 1364 357 oc-

343 378 447 439 cepi
481 378 646 438 sequi.-

91 450 189 499 Vix
215 451 502 514 adipiscendi
535 461 735 513 potestas
763 452 913 500 modo
943 452 1049 500 fuit.

480 543 515 577 Τ
548 543 584 578 Η
619 543 652 576 Ε
688 543 711 578 S
748 545 778 578 P
812 546 848 578 R
881 546 902 578 1
938 547 987 580 0.

1012 605 1177 654 Scuna
1206 625 1266 655 es.

480 695 514 729 E
549 695 579 728 P
614 696 637 729 1
672 696 708 729 D
743 695 766 728 1
801 696 830 729 C
867 695 903 729 U
937 697 979 731 S.

1233 758 1367 821 Scio,

94 821 168 868 Te
194 837 285 869 esse
308 821 507 884 quidem
533 825 781 872 hominem
807 827 1071 876 militarem.

480 919 512 952 Τ
547 919 582 952 Η
615 921 646 953 E
683 921 706 955 s
744 921 772 954 P
808 922 842 954 R
875 923 897 956 1
935 923 984 956 ο.

708 988 944 1036 Audacter
967 993 1181 1052 quamvis
1205 995 1364 1046 dicito.

489 1078 522 1111 Ε
556 1078 585 1111 P
620 1079 642 1111 1
678 1080 713 1112 D
748 1081 768 1114 1
806 1081 832 1113 c
871 1081 904 1115 U
941 1082 981 1116 s.

96 1142 236 1212 Quid
260 1146 321 1192 ais
337 1179 351 1205 ‚
374 1148 655 1208 perpetuon’
684 1148 869 1195 valuisti
885 1150 922 1194 ἓ)-

480 1237 513 1270 T
548 1239 583 1271 Η
618 1238 647 1271 Ε
690 1238 713 1272 s
749 1241 778 1273 P
812 1242 846 1274 R
880 1242 900 1274 1
937 1243 986 1276 o.

826 1299 977 1348 Varie.

474 1384 507 1418 E
540 1385 569 1418 P
604 1384 627 1418 1
663 1365 754 1419 n'1
794 1388 821 1419 c
859 1387 894 1420 U
933 1389 972 1422 s,

907 1458 1012 1527 Qui
1031 1460 1155 1508 varie
1176 1466 1335 1513 valent
1348 1502 1365 1526 ,

97 1520 695 1592 Caprigenum’hominum
723 1544 825 1576 non
850 1532 1005 1592 placet
1032 1534 1152 1580 mihi
1167 1570 1181 1594 ,
1205 1554 1364 1601 neque

343 1601 679 1661 pantherinum
703 1619 862 1666 genus,

477 1701 509 1734 T
546 1701 579 1734 H
613 1702 643 1735 E
677 1702 704 1754 ,S
741 1704 770 1736 P
805 1703 839 1736 R
872 1703 894 1736 I
931 1704 981 1737 O.

100 1766 238 1838 Quid
262 1768 353 1814 tibi
379 1767 446 1815 vis
474 1768 626 1815 dicam
644 1804 657 1827 ‚
682 1770 770 1816 nisi
797 1771 934 1832 quod
962 1772 1081 1819 est?

484 1865 516 1897 E
552 1866 581 1899 P
615 1866 637 1898 1
671 1868 706 1901 D
741 1868 762 1900 1
801 1869 827 1900 c
864 1869 901 1901 U
936 1869 975 1903 s.

682 1935 763 1982 'Ut
791 1937 870 1982 illa
898 1940 1174 2002 respondeas
1196 1943 1360 2004 probe.
1393 1961 1399 1967 ·

105 2002 242 2071 Quid
268 2005 420 2053 herilis
444 2017 601 2053 noster
627 2007 748 2054 filius
764 2009 786 2053 Ρ
810 2011 966 2056 valet?

476 2101 974 2140 THESPRIO.

723 2170 932 2235 Pugilice
958 2185 1104 2237 atque
1135 2179 1364 2225 athletice.

496 2258 526 2291 Ε
563 2260 592 2293 P
626 2261 649 2293 1
682 2262 717 2294 D
755 2262 776 2294 1
812 2262 840 2294 c
877 2264 913 2296 u
949 2264 986 2298 s.

104 2318 460 2439 Voluptabilllscm
486 2326 605 2442 mjihi
637 2330 865 2381 nuntium
893 2343 981 2381 tuo
1007 2333 1216 2383 adventu
1242 2345 1368 2383 attu-

374 2393 383 2401 '
406 2394 455 2439 ti.
486 2411 531 2442 se
587 2398 674 2444 ubi
