1618 2866
91 142 225 188 ψη
352 126 647 177 ACTUS
698 129 818 175 111.
869 125 976 176 SC.
1018 128 1137 175 111.
1267 141 1365 192 409

4 271 16 280 .
91 233 362 282 Obliviosae
406 236 649 296 extemplo
687 234 760 279 uti
799 233 914 280 fiant
933 266 948 291 ,
981 233 1246 281 meminisse
1281 248 1368 281 ne«.

345 319 546 369 queunt.

254 389 1229 428 PERIPLECTOMENES.

89 453 216 518 Ergo
248 454 367 500 istuc
396 466 589 511 metuo,
628 470 729 515 quo
754 453 894 500 -venit
922 451 1060 498 vobis
1096 450 1375 501 faciundum

344 538 629 588 utrumque:

91 599 215 645 Nam
242 592 295 645 i'd
324 599 534 663 proderit
559 598 677 644 mihi
694 632 709 656 ,
735 597 880 644 Militi
911 598 1033 644 male
1064 598 1203 659 quod
1230 599 1366 647 facie⁴

343 673 401 718 tis
425 673 603 718 ambae.

313 755 1182 791 ACROTELEUTIUM.

90 814 226 864 Dum
259 832 322 863 ne
357 818 604 864 inscientes
642 818 763 879 quid
800 817 990 863 bonum
1026 817 1274 872 faciamuS,
1310 831 1375 863 ne

32 884 35 886 ⁵
340 889 555 936 formida.

90 962 216 1010 Mala
233 965 365 1010 nulla
391 965 614 1010 meretrix
639 975 732 1021 est,
756 979 819 1010 ne
840 980 960 1025 pave
977 963 1138 1026 pejora
1158 964 1244 1010 ubi
1263 978 1375 1009 con-

348 1039 566 1085 veniunt.
919 1031 934 1034 .-
1168 1043 1170 1045 ’

258 1121 1231 1160 PERIPLECTOMENES.

90 1181 164 1227 Ita
189 1197 275 1228 vos
306 1182 455 1229 decet.
484 1184 846 1247 consequimini.

398 1275 428 1308 P
466 1276 502 1308 A
535 1277 567 1309 1.
604 1276 640 1310 A
675 1277 707 1310 Ε
744 1277 766 1310 s
804 1276 837 1309 Τ
873 1277 908 1309 R
941 1276 964 1308 1
1001 1276 1050 1308 o.

539 1331 542 1336 ’
671 1337 809 1383 Cesso
838 1353 926 1400 ego
953 1336 1041 1380 illis
1070 1335 1261 1382 obviam
1292 1336 1374 1382 ire.

90 1401 268 1451 Venire
294 1407 473 1454 salvom
501 1408 698 1473 gaudeo.
728 1407 890 1470 lepido
918 1408 1071 1454 hercle
1105 1419 1274 1454 ornatu
1299 1408 1372 1453 in-

348 1480 486 1526 cedit.

252 1563 1228 1600 PERIPLECTOMENES.

88 1617 217 1666 Bene
246 1635 616 1685 opportuneque
646 1625 838 1671 obviarn
856 1641 927 1683 es,
944 1625 1204 1675 Palaestrio.
1228 1625 1370 1673 hem!

340 1695 429 1740 tibi
455 1709 637 1754 assunt,
716 1714 722 1717 “

91 1761 223 1832 Quas
250 1783 328 1812 me
347 1768 518 1831 jussisti
548 1769 779 1816 adducere
798 1803 811 1827 ,
846 1780 894 1815 et
927 1786 1028 1831 quo
1055 1781 1238 1816 ornatu.

404 1860 433 1893 P
470 1859 506 1893 A
540 1862 570 1894 L
606 1862 642 1894 A
672 1862 703 1894 E
740 1862 764 1896 S
802 1862 833 1895 Τ
868 1864 901 1896 R
936 1862 958 1895 Ῐ
998 1863 1046 1896 Ο.

28 1977 32 1979 ¹
879 1922 1039 1968 Heus!
1067 1932 1225 1967 noster
1256 1932 1370 1967 esto.

91 1985 331 2039 Palaestrio
347 1993 724 2042 Acroteleutium
746 1998 924 2042 salutat.

300 2078 1166 2114 ACROTELEUTIUM.

813 2142 932 2211 Quis
961 2142 1037 2188 hic
1066 2142 1236 2189 amabo
1267 2153 1370 2202 θεῖ,

93 2203 195 2271 Qui
219 2217 316 2253 tam
339 2225 426 2270 pro
453 2224 567 2260 nota
596 2231 675 2260 me
703 2215 952 2261 nominat?

256 2288 1220 2330 PERIPLECTOMENES.

674 2355 768 2402 Hic
794 2366 950 2402 noster
976 2356 1250 2402 architectus
1281 2363 1362 2400 est.
