1618 2866
221 192 317 244 απ
547 164 1148 243 MERCATOR.
1381 214 1508 262 ιη

509 310 540 342 L
582 311 616 343 Y
655 309 678 343 s
717 310 738 343 1
775 311 818 344 M
855 309 891 343 A
929 311 956 343 c
993 312 1028 344 Η
1066 311 1102 344 U
1138 310 1176 346 s.

222 370 390 418 Oratio
429 369 604 431 edepol
642 370 788 432 pluris
825 382 893 418 est
930 372 1072 436 hujus
1092 406 1108 430 ,
1152 388 1300 434 quam
1336 378 1507 438 quanti

480 445 595 490 haec
626 456 751 491 emta
787 457 881 492 est:

222 518 371 588 Quasi
401 517 553 574 dicas,
583 519 768 564 nullam
796 519 1047 567 mulierem
1074 519 1254 567 bonam
1278 538 1385 570 esse.

535 613 1188 649 PASICOMPSA.

949 675 1097 721 Haud
1130 677 1363 738 equidem
1391 679 1518 731 dico.

528 758 559 791 L
595 759 630 791 Y
668 758 689 791 s
725 759 746 792 1
783 758 828 792 M
864 759 899 792 A
936 759 963 792 c
999 760 1034 793 H
1069 760 1105 792 U
1143 761 1182 795 s.

222 822 407 887 Rogare
433 821 526 866 hoc
549 836 706 866 unum
735 830 784 866 te
808 821 937 866 volo.
988 868 993 875 ,,
1070 888 1074 891 .

540 910 569 943 P
604 907 640 942 A
675 908 697 942 5
734 908 756 941 1
795 909 822 941 c
861 909 894 942 o
931 909 974 942 M
1010 908 1038 941 P
1077 908 1099 942 s
1135 908 1185 942 A.

907 967 1112 1032 Roganti
1146 968 1463 1032 respondebo.

535 1054 566 1087 L
602 1054 637 1086 Y
673 1053 695 1087 S
733 1053 755 1086 I
791 1053 834 1086 M
872 1052 906 1086 A
944 1054 971 1085 C
1010 1053 1045 1086 H
1080 1054 1115 1087 U
1152 1053 1191 1088 S.

221 1113 361 1186 Quid
383 1113 445 1160 ais
474 1113 562 1159 tu?
594 1111 732 1174 quod
765 1127 948 1157 nomen
977 1111 1067 1158 tibi
1100 1112 1254 1159 dicam
1283 1113 1412 1160 esse?

534 1207 1178 1242 PASICOMPSA.

1170 1270 1509 1333 Pasicompsae.

530 1354 560 1386 L
597 1354 632 1386 Y
673 1354 694 1386 s
730 1355 751 1386 1
787 1354 831 1387 M
865 1355 900 1387 A
937 1355 964 1387 c
1001 1355 1036 1388 Η
1071 1355 1106 1388 U
1143 1354 1182 1390 s.

223 1417 299 1465 Ex
325 1415 476 1462 forma
505 1430 689 1460 nomen
719 1415 958 1461 inditum’
962 1427 1015 1462 st.
1050 1417 1134 1463 sed
1156 1418 1278 1480 quid
1307 1419 1399 1478 ais,
1422 1419 1511 1466 Pa⁴

477 1488 737 1548 sicompsa?

223 1561 396 1608 Possin'
415 1571 499 1618 tu,
517 1561 553 1606 si
571 1577 680 1606 usus
698 1560 906 1618 venerit,
924 1560 1177 1608 subtemen
1195 1573 1342 1608 tenue
1362 1561 1511 1616 nere?

227 1647 231 1652 '
534 1656 562 1688 P
602 1655 637 1688 A
673 1655 695 1689 5
733 1656 753 1688 1
790 1656 817 1688 c
854 1655 886 1689 o
925 1655 968 1688 M
1004 1655 1031 1688 P
1072 1654 1094 1688 s
1131 1655 1184 1688 A.

224 1708 417 1756 Possim.

536 1781 1183 1819 LYSIMACHUS.

354 1843 402 1890 Si
430 1854 576 1889 tenue
604 1843 717 1899 scis,
749 1844 875 1902 scio,
911 1855 959 1890 te
990 1845 1182 1892 uberius
1211 1861 1346 1906 posse
1378 1861 1503 1892 nere.

543 1934 570 1967 P
608 1935 643 1967 A
679 1935 700 1967 s
738 1935 759 1967 1
798 1937 823 1968 c
861 1937 894 1970 o
930 1938 973 1971 M
1009 1938 1036 1970 P
1076 1937 1099 1970 5
1135 1937 1184 1970 A.

221 1996 299 2046 De
316 1994 519 2042 lanificio
534 1994 780 2041 neminem
795 2007 988 2054 metuo,
1011 2012 1107 2042 una
1125 2007 1274 2043 aetate
1297 2013 1420 2058 quae
1436 1997 1509 2045 sit.

526 2088 557 2120 L
594 2088 627 2120 Y
665 2086 687 2120 s
724 2088 745 2120 1
780 2089 823 2122 M
859 2089 895 2122 A
933 2089 958 2121 c
997 2089 1031 2122 H
1067 2089 1102 2121 U
1137 2089 1177 2123 5.

222 2149 408 2197 Bonam
433 2148 589 2194 hercle
619 2159 667 2193 te
700 2158 748 2193 et
773 2147 894 2212 frugi
923 2148 1151 2207 arbitror,
1188 2159 1372 2195 matura
1400 2149 1504 2213 jam

475 2220 588 2266 inde
620 2231 771 2266 aetate
787 2255 800 2278 ‚

224 2294 472 2365 Quoniam
503 2295 585 2341 scis
615 2293 763 2340 facere
789 2295 997 2342 officium
1031 2306 1206 2353 tuum,
1238 2293 1424 2340 mulier.

541 2386 1184 2421 PASICOMPSA.

1060 2443 1502 2495 Poldoctadidici
