1618 2866
258 144 351 200 624
718 135 756 180 P
790 133 830 180 E
860 133 904 180 R
936 131 967 179 s
1001 131 1058 179 A:
1410 149 1454 180 v.
1476 119 1540 197 ες

676 253 708 286 Τ
742 253 773 286 O
812 253 847 285 X
883 252 904 285 I
941 253 971 285 L
1008 253 1042 285 U
1080 251 1118 285 S.

250 317 359 377 Jam
406 315 467 359 de
504 314 620 359 istoc
660 328 826 376 rogare
869 312 1051 358 omitte.
1098 325 1205 357 non
1243 311 1374 358 vides
1411 313 1543 359 nolle

513 386 704 446 eloqui,

257 465 331 512 Ne
352 478 542 510 suarum
562 477 608 507 se
632 460 922 506 miseriarum
946 460 996 506 in
1013 459 1294 506 memoriam
1316 459 1510 508 inducat
1521 459 1548 511 Ρ,

650 557 1189 595 DORDALUS.

1267 621 1406 690 Quid
1440 630 1507 668 est
1521 621 1547 673 Ξ),

259 693 498 755 Captusne
523 691 579 736 'st
611 689 778 751 pater?

740 767 777 801 V
815 766 836 798 1
871 766 904 798 R
942 762 974 797 G
1011 764 1057 798 Ο

385 837 500 883 Non
533 845 721 897 captus,
752 834 834 879 sed
862 833 996 893 quod
1025 832 1221 890 habuit,
1246 832 1299 878 id
1325 831 1549 894 perdidit.

683 934 713 966 Τ
751 934 783 966 0
805 933 855 966 x
892 933 912 965 1
950 933 979 965 L
1015 933 1051 966 U
1088 932 1126 967 s.

260 992 399 1047 Haec
421 1000 505 1046 erit
537 1000 670 1046 bono
704 1016 872 1063 genere
902 1010 1039 1058 nata,
1071 1000 1190 1047 nihil
1212 1001 1327 1059 scit,
1352 1001 1442 1050 nisi
1465 1017 1549 1049 ve-

513 1088 622 1117 rum
657 1072 808 1132 loqui.

651 1169 686 1200 D
726 1168 757 1200 O
795 1169 828 1201 R
866 1168 900 1199 D
938 1167 974 1201 A
1009 1167 1040 1200 L
1077 1166 1114 1200 U
1151 1165 1190 1201 S.

264 1226 387 1296 Quis
419 1226 542 1272 fuit?
581 1226 659 1272 dic
689 1242 882 1272 nomen.

746 1323 1065 1358 VIRUGO

347 1390 543 1459 Quid
569 1391 706 1436 illum
737 1391 966 1435 miserum
998 1408 1266 1439 memorem
1281 1425 1295 1450 ,
1324 1392 1408 1454 qui
1425 1392 1550 1439 fuit?

260 1462 402 1509 Nunc
419 1473 465 1509 et
483 1463 622 1508 illum
637 1463 864 1509 Miserum
881 1474 928 1509 et
943 1479 1022 1509 me
1035 1464 1254 1511 Miseram
1273 1481 1482 1527 aequom
1493 1466 1548 1515 ’st

512 1535 822 1581 'nominarien

654 1637 689 1668 D
725 1636 757 1669 o
794 1637 827 1669 R
863 1636 897 1667 D
934 1634 970 1668 A
1003 1634 1034 1667 L
1070 1634 1105 1666 U
1142 1631 1178 1666 s.

238 1694 590 1764 ·Quojusmodi
618 1697 654 1742 is
683 1697 734 1742 in
766 1698 952 1758 populo
979 1696 1146 1743 habitu
1163 1693 1255 1740 'sti’

751 1794 788 1828 V
824 1796 846 1827 1
882 1796 915 1828 R
951 1795 983 1828 G
1020 1797 1069 1829 o.

822 1854 980 1900 Nemo
1006 1856 1257 1916 quisquam
1284 1854 1542 1915 acceptior:

263 1921 394 1969 Servi
416 1922 653 1984 liberique
680 1925 910 1970 amabant.

688 2019 719 2052 T
756 2019 788 2052 O
826 2018 861 2051 X
897 2019 917 2051 1
956 2020 986 2052 L
1023 2019 1058 2051 U
1096 2018 1132 2052 S.

728 2080 994 2126 Hominem
1026 2082 1250 2127 miserum
1282 2081 1548 2142 praedicas,

266 2152 434 2222 Quom
470 2153 594 2215 ipsus
628 2170 778 2215 prope
813 2149 1033 2214 perditu'
1037 2165 1110 2212 st,
1142 2165 1189 2200 et
1221 2154 1548 2202 benevolentis

516 2227 734 2288 perdidit.

655 2323 690 2354 D
729 2321 761 2355 O
798 2322 831 2356 R
867 2322 903 2354 D
940 2322 974 2354 A
1012 2322 1042 2354 L
1080 2320 1114 2353 U
1152 2319 1190 2354 S.

267 2382 461 2441 Emam,
491 2384 671 2445 opinor.
