1618 2866
244 190 336 235 352
468 170 728 219 MILES
773 170 1282 220 GLORIOSUS.
1408 175 1533 236 v.48

244 285 369 333 Ecce
397 295 558 330 autem
586 281 759 328 avortit
778 315 792 338 ,
823 281 950 326 nisus
973 281 1131 339 laeva,
1160 281 1213 327 in
1245 276 1424 329 femine
1450 283 1537 328 ha-

506 355 590 401 bet
617 356 801 401 laevam
830 370 1060 411 manum,
1298 414 1302 418 ⁴

246 431 455 478 Dextera
482 429 638 493 digitis
658 428 892 474 rationem
914 437 1175 490 conputat,
1197 427 1363 476 feriens
1380 429 1539 476 femur

243 503 510 551 Dexterum
556 502 622 547 ita
665 501 975 547 vehementer
993 534 1008 557 ,
1050 500 1188 561 quod
1229 511 1359 548 tactu
1401 517 1537 566 aegre
1609 495 1613 501 ’

499 586 724 637 suppetit.

247 650 544 712 Concrepuit
584 649 740 713 digitis
764 683 779 707 ,
823 649 1006 696 laborat
1024 684 1042 708 ,
1079 650 1245 712 crebro
1290 660 1541 698 conmutat

502 734 659 768 Status-

247 798 420 846 Eccere
461 806 625 840 autem
663 794 815 856 capite
859 804 1028 841 nutat:
1067 811 1170 845 non
1207 797 1365 857 placet
1401 795 1541 858 quod

502 881 691 930 repent.

247 940 509 1012 Quidquid
548 950 616 986 est
636 974 650 997 ,
688 940 937 987 incoctum
969 957 1073 988 non
1104 941 1372 1003 expromit:
1410 942 1538 988 bene

511 1024 706 1059 coctum
735 1012 880 1059 dabit.

252 1089 376 1136 Ecce
404 1098 564 1133 autem
600 1085 837 1132 aedificat:
871 1089 1150 1134 columnam
1174 1098 1344 1134 mento
1373 1087 1541 1134 sufful-

507 1160 564 1206 sit
594 1176 696 1205 suo.

250 1234 413 1299 Apage
432 1268 445 1292 ,
483 1249 585 1278 non
621 1233 778 1293 placet
811 1230 1028 1294 profecto
1063 1231 1184 1278 mihi
1214 1232 1294 1279 illa
1325 1232 1540 1280 inaedifi-

508 1317 644 1352 catro.
1476 1359 1481 1365 ι

250 1380 377 1427 Nam
393 1396 442 1424 os
457 1379 792 1424 columnatum
803 1377 976 1424 Poe'tae
992 1395 1084 1424 esse
1098 1378 1311 1427 inaudivi
1321 1379 1543 1438 barbaro,

257 1455 398 1523 Quoi
422 1453 524 1498 bini
551 1452 766 1498 custodes
795 1467 978 1512 semper
1007 1454 1118 1498 totis
1140 1454 1264 1499 horis
1290 1455 1539 1501 accubant.

255 1527 418 1590 Euge,
445 1542 591 1589 euge,
622 1525 872 1570 euscheme
896 1524 1052 1570 hercle
1076 1525 1246 1582 astitit,
1280 1538 1327 1571 et
1356 1526 1544 1582 dulice,

520 1610 567 1646 et
597 1599 887 1645 comoedice.

258 1676 545 1736 Numquam
569 1674 714 1720 hodie
742 1673 977 1734 quiescet,
1002 1673 1280 1738 priusquam
1302 1672 1381 1730 id,
1405 1672 1545 1733 quod

514 1747 680 1810 petiit,
715 1747 912 1808 perficit.

260 1823 451 1879 Habet,
489 1821 674 1883 opinor.
720 1836 802 1883 age
823 1855 837 1876 ,
883 1821 919 1864 si
963 1819 1084 1880 quid
1116 1820 1238 1884 agis:
1278 1820 1446 1884 vigila,
1483 1837 1547 1867 ne

515 1910 686 1940 somno
719 1893 884 1938 stude:

261 1967 362 2014 Nisi
377 1966 577 2028 quidem
595 1965 671 2011 hic
689 1965 849 2028 agitari
867 1964 1012 2011 mavis
1031 1966 1183 2012 varius
1203 1967 1355 2031 virgis.
1380 1968 1543 2032 vigila:

260 2040 376 2088 Tibi
403 2056 491 2104 ego
518 2039 640 2085 dico.
671 2039 753 2083 au!
788 2036 975 2083 feriatus
1004 2053 1066 2083 ne
1097 2039 1166 2085 sis.
1204 2040 1320 2085 heus
1357 2051 1406 2087 te
1431 2042 1551 2088 allo-1

519 2129 671 2174 quor,
700 2110 973 2156 Palaestrio:

262 2186 434 2252 Vigila,
451 2187 673 2248 inquam:
699 2184 1031 2248 expergiscere,
1046 2183 1270 2246 inquam:
1289 2189 1419 2236 lucet
1435 2190 1547 2249 hoc,

1102 2260 1317 2322 inquam.

590 2362 620 2396 P
659 2361 694 2395 A
729 2361 759 2395 L
795 2360 832 2396 A
863 2361 894 2394 E
931 2360 954 2395 s
992 2361 1023 2393 T
1059 2363 1093 2396 R
1131 2363 1151 2395 1
1191 2363 1242 2396 0.
1616 2399 1618 2404 ,

1375 2413 1550 2461 Audio.
1615 2474 1618 2476 q
