1618 2866
35 203 170 239 meo
330 181 620 231 ACTUS
674 182 756 227 II.
802 179 907 227 SC.
964 181 1043 225 ΙΙ.
1222 179 1311 238 265

36 297 217 354 Senex,
242 306 380 344 vetus
395 329 410 353 ,
435 293 715 355 decrepitus,

435 381 470 411 D
509 379 539 411 Ε
574 378 617 410 Μ
651 377 673 409 1
710 377 737 409 P
777 377 811 409 Η
851 375 902 408 ο.

771 437 992 482 Pervorse
1019 434 1163 481 vides.

35 513 159 559 Puer
187 529 319 568 sum,
344 510 647 573 Lysimache,
678 509 964 571 septuennis.

298 602 1003 637 ·LYSIMACHUS.

954 660 1116 708 Sanun
1129 661 1188 707 ’es
1204 694 1220 719 ‚

40 729 143 800 Qui
168 744 375 791 puerum
399 738 447 773 te
475 742 568 773 esse
601 725 758 772 dicas?

436 812 472 845 D
509 813 539 844 Ε
573 813 616 845 Μ
652 813 673 845 1
708 812 736 844 P
774 812 807 844 Η
844 812 891 845 ο.

738 870 860 916 Vera
885 870 1122 931 praedico.

332 957 364 990 Ι,
400 957 435 989 Y
474 956 495 989 s
532 957 552 989 1
587 957 628 988 M
668 957 701 988 A
741 958 769 988 c
808 957 841 988 Η
878 956 912 987 U
950 957 989 989 s.

37 1016 191 1064 Modo
220 1017 377 1063 hercle
397 1017 447 1061 in
473 1027 686 1061 mentem
708 1017 840 1061 venit
856 1051 869 1072 ,
893 1015 1017 1076 quid
1040 1026 1094 1061 tu
1115 1015 1313 1061 diceres:

39 1089 197 1136 Senex
225 1105 378 1149 quom
405 1089 647 1149 extemplo
664 1088 718 1133 ’st
735 1121 749 1145 ‚
779 1088 879 1151 jam
908 1104 997 1133 nec
1025 1089 1165 1134 sentit
1181 1123 1195 1146 ,
1228 1103 1318 1133 nec

294 1160 411 1220 sapit
432 1178 442 1204 :

40 1233 193 1298 Ajunt
217 1233 363 1278 solere
388 1249 501 1278 eum
533 1249 719 1278 rursum
744 1248 1077 1294 repuerascere.

455 1325 492 1357 D
527 1324 557 1356 E
594 1324 638 1356 Μ
672 1324 693 1356 1
727 1324 755 1356 P
790 1324 826 1356 Η
863 1325 912 1357 ο.

41 1386 201 1432 Immo
225 1385 296 1431 bis
324 1395 457 1430 tanto
486 1385 649 1441 valeo,
681 1399 828 1444 quam
854 1385 982 1430 valui
1011 1383 1152 1445 prius.

349 1478 381 1510 1.
415 1476 451 1509 Y
485 1476 508 1509 s
545 1476 567 1508 1
599 1476 643 1508 Μ
678 1476 713 1508 A
750 1476 777 1507 c
817 1476 850 1507 H
889 1475 924 1507 U
961 1476 1000 1508 s.

41 1536 171 1584 Bene
188 1537 344 1584 hercle
371 1537 551 1583 factum
567 1570 581 1592 ‚
614 1546 662 1580 et
688 1535 889 1599 gaudeo.

447 1632 484 1663 D
518 1630 548 1662 E
585 1630 628 1663 Μ
663 1630 684 1662 1
721 1630 748 1662 P
789 1630 823 1662 Η
861 1630 908 1661 ο.

788 1686 795 1693 ’
873 1690 1031 1735 Immo
1059 1689 1095 1733 si
1120 1689 1254 1745 sciaS‚

41 1761 205 1808 Oculis
244 1779 445 1824 quoque
486 1763 628 1809 etiam
667 1763 775 1824 plus
808 1763 911 1826 jam
949 1761 1091 1807 video
1108 1795 1123 1820 ,
1168 1777 1317 1821 quam

222 1866 241 1882 -.
290 1852 431 1898 pnus.

98 1960 102 1962 v
355 1921 387 1953 L
425 1922 459 1954 Y
496 1922 519 1956 s
557 1923 578 1954 1
613 1922 659 1955 M
692 1921 727 1954 A
763 1922 790 1954 c
827 1921 862 1954 Η
898 1919 933 1953 U
970 1920 1007 1953 s.

43 1967 172 2016 Bene
198 1982 278 2018 est.

439 2049 475 2081 D
511 2050 542 2082 Ε
579 2052 622 2084 Μ
657 2052 676 2084 1
714 2051 743 2083 P
780 2050 815 2082 H
853 2051 900 2083 o.

237 2107 412 2154 Malam
438 2125 541 2155 rem
566 2110 690 2156 dico.

354 2200 999 2236 LYSIMACHUS.

642 2263 751 2320 Jam
774 2264 894 2309 istuc
921 2278 1023 2308 non
1045 2261 1236 2307 bonum
1255 2262 1318 2305 'st.

442 2344 480 2376 D
507 2345 547 2377 4Ε
581 2346 626 2379 Μ
660 2347 682 2378 1
703 2348 746 2379 ,Ρ
782 2348 816 2379 Η
840 2348 903 2379 ,0.

49 2400 147 2451 Sed
177 2402 385 2450 ausimne
414 2420 501 2468 ego
528 2405 618 2452 tibi
643 2407 834 2469 eloqui,
858 2408 894 2453 si
921 2406 1043 2468 quid
1063 2403 1246 2452 velim?
