1618 2866
111 173 237 223 247
543 158 881 207 ACTUS
947 159 984 207 Ι.
1266 169 1407 229 ,343

421 275 457 310 A
493 278 528 311 R
565 277 596 309 T
634 277 666 310 Ο
707 277 738 309 T
774 276 807 309 R
847 275 879 309 Ο
921 275 953 309 G
990 275 1025 308 U
1063 274 1102 308 S.

985 335 1181 398 Septem
1211 336 1372 384 millia.

312 421 1217 458 PYRGOPOLINICES.

115 485 330 532 Tantum
364 500 458 530 esse
492 493 709 545 oportet:
746 494 872 529 recte
903 482 1139 528 rationem
1174 494 1320 530 tenes.

304 613 311 618 ,
430 576 465 609 Α
500 577 534 609 R
570 576 601 608 Τ
638 575 671 608 o
707 575 738 608 ‘r
775 576 810 609 R
847 575 879 608 o
919 574 951 607 G
988 575 1021 607 U
1060 576 1099 609 s.

115 633 179 681 At
205 636 362 682 nullos
388 634 542 680 habeo
563 633 779 683 scribtos;
823 634 885 679 sic
910 634 1112 680 memini
1136 646 1310 682 tamen.

309 725 1213 762 PYRGOPOLINICES.

114 786 301 850 Edepol
325 787 557 834 memoria
579 787 634 833 ’st
665 799 881 849 optuma.

423 874 1098 910 ARTOTROGUS.

894 936 1315 983 Offamemonet.

306 1016 1219 1054 PYRGO'POLINICES.

68 1075 74 1080 ⁴
113 1081 250 1127 Dum
280 1082 425 1137 talem
455 1081 590 1126 facies
610 1114 624 1138 ,
650 1082 843 1141 qualem
862 1080 1046 1138 adhuc,
1075 1080 1259 1127 assiduo
1277 1081 1397 1129 edis:

115 1154 497 1202 Communicabo
523 1165 570 1199 te
600 1169 784 1215 semper
807 1170 968 1200 mensa
994 1170 1114 1200 mea.

428 1249 462 1281 A
499 1249 532 1282 R
569 1248 599 1280 T
636 1247 668 1281 Ο
707 1248 738 1280 Τ
774 1250 808 1282 R
843 1247 876 1281 Ο
915 1248 947 1282 G
985 1247 1020 1279 U
1059 1246 1096 1281 S.

115 1308 254 1378 Quid
282 1309 332 1354 in
369 1308 669 1370 Cappadocia
686 1343 700 1366 ,
730 1309 817 1355 ubi
843 1320 898 1355 tu
923 1308 1211 1373 quingentos
1235 1308 1403 1368 simul,

115 1381 179 1426 Ni
207 1382 351 1428 hebes
375 1383 618 1428 machaera
644 1381 793 1439 foret,
826 1398 926 1428 uno
953 1383 1054 1428 ictu
1090 1382 1336 1428 occideres.

115 1452 182 1499 At
212 1453 452 1514 peditatus
479 1455 707 1516 reliquiae
736 1466 894 1512 erant,
931 1456 967 1500 si
988 1456 1216 1502 viverent.

114 1524 252 1595 Quid
294 1526 384 1572 tibi
423 1543 512 1590 ego
566 1527 720 1574 dicam
745 1562 759 1585 ‚
801 1527 938 1588 quod
975 1544 1140 1574 omnes
1184 1527 1405 1575 mortales

367 1611 551 1658 sciunt,

113 1672 528 1737 Pyrgopolinicem
557 1684 606 1719 te
638 1689 795 1718 unum
824 1674 875 1719 in
906 1684 1028 1720 terra
1059 1673 1218 1720 vivere

115 1743 308 1792 Virtute
325 1781 339 1805 ‚
375 1758 423 1793 et
450 1746 602 1793 forma
611 1780 634 1804 ,,
666 1758 715 1792 et
744 1746 873 1794 factis
902 1747 1242 1794 invictissumis.

117 1819 295 1885 Amant
320 1835 368 1870 te
397 1840 563 1870 omnes
583 1824 799 1869 mulieres
815 1857 829 1880 ‚
847 1839 1009 1884 neque
1028 1823 1183 1868 hercle
1206 1821 1405 1886 injuria,

118 1891 222 1960 Qui
261 1896 316 1941 sis
354 1907 452 1942 tam
487 1896 714 1957 pulcher:
760 1906 816 1942 ut
846 1897 924 1943 vel
957 1895 1093 1953 illae,
1126 1911 1250 1956 quae
1290 1895 1403 1940 here

371 1969 516 2029 pallio

119 2034 200 2080 Me
227 2041 644 2098 reprehenderunt.

312 2122 1209 2159 PYRGOPOLPNICES.

681 2185 820 2254 Quid
849 2186 960 2230 here
984 2185 1208 2231 dixerunt
1241 2186 1366 2232 tibi?

433 2266 467 2298 A
502 2268 536 2300 R
573 2270 604 2301 Τ
641 2271 672 2302 o
710 2271 740 2302 Τ
778 2272 811 2303 R
848 2271 879 2303 o
921 2271 952 2303 G
991 2270 1026 2302 U
1063 2270 1100 2303 s.

121 2322 433 2385 Rogitabant:
462 2326 644 2373 hiccine
675 2329 880 2375 Achilles
909 2341 1005 2388 est,
1033 2329 1219 2389 inquit,
1244 2327 1367 2372 tibi?

122 2394 281 2440 Immo
310 2395 406 2457 ejus
426 2395 563 2443 frater
579 2432 592 2455 ,
613 2399 826 2460 inquam.
847 2401 1005 2447 innuit
1027 2401 1215 2445 illatum
1235 2399 1396 2443 altera:

1132 2469 1230 2528 Y4
