1618 2866
57 215 186 255 V.10
355 201 645 250 ACTUS
694 201 732 247 Ῑ.
783 199 886 248 SC.
932 199 1011 246 ῙῙ.
1250 214 1336 262 153

61 311 277 358 Nimium
306 326 394 375 ego
415 321 463 356 te
491 309 637 355 habui
655 307 914 354 delicatam.

57 383 203 431 Nunc
219 383 366 439 adeo,
388 394 444 429 ut
462 382 692 439 facturus,
722 381 888 427 dicam.
915 381 1111 442 quando
1139 397 1226 446 ego
1250 381 1340 427 tibi

314 456 499 501 ancillas
513 490 527 512 ‚
559 471 743 517 penum
759 489 773 512 ,

59 525 267 585 Lanam,
298 543 468 573 aurum
487 561 502 584 ‚
528 537 708 573 vestem
723 562 737 583 ‚
763 542 1028 588 purpuram
1057 526 1182 573 bene
1206 542 1340 588 prae-

319 599 439 646 beo:
469 614 558 645 nec
590 598 859 659 quidquam
886 614 1012 662 eges:

62 670 193 717 Malo
225 668 404 718 cav'ebis
420 703 435 728 ,
460 670 497 715 si
524 670 661 731 sapis:
691 670 848 716 virum
872 670 1116 716 observare
1144 669 1338 715 desines.

61 742 226 804 Atque
251 741 370 789 adeo
382 776 397 799 ,
415 757 477 787 ne
494 758 572 788 me
597 741 931 804 nequidquam
948 758 1098 788 serves
1113 775 1127 799 ‚
1150 742 1216 788 ob
1236 757 1341 786 eam

308 814 587 862 industriam

61 885 221 934 Hodie
244 886 415 934 ducam
438 900 671 945 scortum,
691 899 837 950 atque
862 889 923 935 ad
949 904 1148 935 coenam
1167 887 1333 947 aliquo

48 970 52 971 ⁷
312 960 560 1008 condicam
585 961 719 1007 foras.

412 1046 440 1079 P
476 1046 506 1078 E
544 1048 575 1080 N
615 1046 636 1079 1
673 1047 700 1078 C
737 1046 772 1078 U
805 1047 836 1079 L
875 1047 910 1079 U
950 1047 989 1081 S.

59 1106 164 1152 Illic
188 1105 339 1152 homo
363 1122 410 1151 se
439 1106 579 1152 uxori
609 1106 797 1152 simulat
819 1108 945 1153 male
971 1107 1143 1167 loqui,
1175 1106 1338 1166 loqui-

312 1188 391 1222 tur
415 1177 547 1222 mihi.

61 1247 187 1294 Nam
212 1248 251 1294 si
284 1247 394 1294 foris
431 1259 600 1294 coenat
620 1282 635 1305 ‚
665 1249 881 1310 profecto
913 1266 1024 1307 me,
1055 1248 1186 1295 haud
1216 1264 1337 1294 uxo-

315 1336 444 1378 rem,
476 1321 725 1367 ulciscitur.

280 1413 1024 1449 .MENAECHMUS.

62 1473 225 1535 Euax,
256 1474 414 1538 jurgio
453 1473 609 1520 hercle
642 1474 836 1520 tandem
873 1491 1074 1521 uxorem
1107 1474 1242 1538 abegi
1275 1471 1335 1518 ab

304 1550 462 1613 janua.
1025 1598 1028 1600 .

61 1619 157 1667 Ubi
174 1631 399 1666 amatores
411 1630 521 1666 sunt
536 1619 719 1665 mariti?
739 1619 867 1665 dona
885 1619 1007 1680 quid
1024 1617 1336 1665 cessantmihi

62 1691 287 1742 Conferre
317 1709 508 1750 omnes,
546 1694 950 1757 congratulantes,
988 1693 1101 1753 quia
1127 1690 1339 1755 pugnavi

313 1764 525 1811 fortiter?

63 1835 200 1898 Hanc
217 1836 366 1882 modo
386 1837 525 1883 uxori
541 1837 666 1882 intus
684 1838 859 1898 pallam
880 1836 1120 1898 subripui,
1141 1833 1203 1880 ad
1220 1850 1339 1880 scor-

312 1920 419 1954 tum
441 1908 554 1954 fero.
1236 1905 1240 1908 ’

65 1977 141 2025 Sic
165 1979 301 2032 decet
332 1981 427 2026 dari
455 1981 603 2026 facete
627 1981 771 2027 verba
797 1977 983 2026 custodi
1008 1989 1148 2024 catae.
1181 1973 1187 1979 ’

66 2053 175 2099 Hoc
205 2053 380 2101 facinus
406 2055 663 2115 pulchrum
678 2055 758 2110 ’st‚
791 2054 884 2099 hoc
915 2051 1128 2112 probum
1147 2052 1226 2107 'st‚
1248 2053 1340 2097 hoc

312 2127 558 2188 lepidum,
583 2128 675 2172 hoc
702 2127 880 2173 factum
898 2127 952 2171 'st
979 2124 1122 2170 fabre.

68 2198 181 2244 Meo
207 2201 332 2245 malo
362 2217 388 2245 a
412 2202 534 2247 mala
559 2201 754 2247 abstuli:
789 2202 882 2246 hoc
912 2199 973 2244 ad
1009 2198 1240 2244 damnum
1260 2197 1342 2242 de-

318 2270 502 2318 feretur.

69 2342 232 2389 Averti
255 2343 476 2405 praedam
502 2345 561 2392 ab
578 2346 790 2393 hostibus
806 2381 820 2404 ,
850 2351 1068 2392 nost'rum
1096 2344 1242 2388 salute
1266 2358 1339 2386 so-

322 2429 462 2459 cium.
