1618 2866
95 201 232 237 *nlo
378 184 672 235 ACTUS
721 185 822 234 IV.
881 183 979 234 SC.
1030 186 1068 232 I.
1291 201 1378 248 123

97 295 203 366 Qui
225 306 458 342 monstret
484 311 597 342 eum
626 294 746 341 mihi
771 294 1018 341 hominem
1034 329 1048 351 ‚
1076 304 1159 340 aut
1186 295 1274 341 ubi
1300 295 1383 341 ha-

1040 366 1175 414 bitet.

419 462 448 495 P
486 462 517 495 E
555 463 588 498 R
623 462 643 496 1
679 463 707 495 P
743 461 779 495 Η
802 462 846 500 ,Α
879 462 914 496 N
948 462 979 495 E
1017 461 1056 495 s.

901 529 1097 576 Noscito
1129 545 1217 593 ego
1243 529 1379 574 hanc.

95 601 222 649 Nam
242 602 409 650 videor
424 636 438 660 ,
464 601 622 649 nesc10
644 602 731 648 ubi
748 636 762 660 ,
792 619 873 648 me
896 602 1064 648 vidisse
1080 603 1222 665 ptius.
1250 613 1383 648 estne

310 677 318 682 '
349 692 431 734 ea,
465 691 525 722 an
553 691 656 722 non

95 746 206 807 Est,
234 763 380 810 quam
406 747 592 794 animus
609 759 740 794 retur
761 748 928 794 meus?

482 850 512 883 P
548 849 583 883 H
618 849 640 883 I
677 850 707 883 L
742 850 763 883 1
799 848 827 883 P
863 851 892 884 P
929 849 978 883 Α.

538 906 550 910 “
671 911 755 957 Dii
773 912 890 958 boni
909 914 919 958 !
940 912 1122 959 visitavi
1140 909 1373 979 aritidhac.

403 1009 434 1042 P
471 1009 502 1042 Ε
538 1011 572 1043 R
606 1011 627 1042 1
666 1012 694 1044 P
730 1011 765 1044 Η
799 1011 834 1044 A
869 1013 903 1044 N
940 1011 969 1043 Ε
1010 1010 1048 1044 s.

96 1075 235 1122 Certe
267 1092 321 1122 ea
354 1088 423 1123 est
440 1110 455 1134 ‚
497 1094 644 1139 quam
678 1077 729 1123 in
765 1076 1007 1138 Epidauro
1038 1075 1378 1138 pauperculam

347 1151 550 1196 memini
574 1151 885 1213 conprimere.

486 1249 518 1282 P
552 1248 589 1282 Η
622 1249 644 1282 1
678 1248 710 1282 I.
744 1249 766 1281 1
801 1249 829 1281 P
864 1248 893 1281 P
930 1247 980 1281 A.

93 1312 240 1364 Plane
259 1314 338 1362 hic
363 1316 444 1362 ille
462 1327 531 1363 est
546 1348 561 1373 ‚
596 1317 684 1377 qui
706 1317 827 1363 mihi
856 1316 908 1361 in
927 1313 1167 1377 Epidauro
1195 1311 1376 1375 primus

345 1390 627 1453 pudicitiam

94 1452 298 1516 Pepulit.
787 1514 793 1520 ἡ

411 1532 442 1565 P
476 1533 507 1566 E
542 1534 577 1566 R
611 1534 631 1566 1
670 1534 699 1568 P
735 1534 771 1568 Η
805 1534 841 1568 A
874 1536 909 1568 N
942 1536 973 1568 E
1011 1533 1050 1567 s·

274 1603 414 1674 Quae
430 1621 542 1651 meo
560 1621 814 1667 conpressu
830 1606 1018 1669 peperit
1034 1604 1206 1669 filiam?
1225 1619 1374 1664 quam

1110 1677 1246 1725 domi

92 1740 236 1790 Nunc
262 1743 431 1792 habe'o.

199 1867 211 1878 .
481 1832 511 1865 P
545 1830 581 1864 Η
615 1831 637 1864 1
672 1832 703 1865 Ι,
738 1832 761 1865 1
795 1831 825 1865 P
855 1832 885 1866 P
919 1831 969 1865 A.

205 1890 377 1960 „Quid
403 1892 440 1937 si
467 1891 667 1938 adeam?

407 1989 437 2021 P
474 1989 504 2022 Ε
540 1991 574 2023 R
609 1990 631 2022 1
664 1989 694 2022 P
731 1991 767 2024 Η
802 1991 839 2025 A
873 1991 908 2025 N
942 1986 973 2025 E
1010 1991 1049 2026 s.

311 2053 457 2100 Haud
473 2055 599 2113 scio,
618 2071 680 2102 an
710 2057 1011 2122 congrediar,
1031 2059 1068 2104 si
1091 2059 1207 2106 haec
1234 2075 1287 2106 ea
1303 2060 1369 2106 ’st.

480 2158 511 2191 P
546 2158 582 2191 Η
615 2159 637 2192 1
671 2160 704 2193 L
736 2160 759 2193 1
793 2160 822 2193 P
859 2162 889 2195 P
927 2162 977 2194 A.

100 2203 185 2252 Sin
215 2220 283 2256 est
316 2211 352 2258 is
382 2215 532 2263 homo
548 2251 564 2275 ,
598 2218 719 2265 sicut
750 2221 864 2266 anni
892 2221 1035 2267 multi
1062 2238 1144 2267 me
1176 2223 1375 2268 dubiam

1084 2295 1214 2341 dant.

412 2363 1046 2406 PERIPHANES.

1207 2424 1373 2486 Longa
