1618 2866
213 191 272 248 8¹4
598 187 1198 239 EPIDICUS.'
1356 199 1487 257 v.s)5

209 297 383 344 Venire
409 317 418 342 ι
457 297 517 343 ad
549 296 892 342 Chaeribulum
923 297 1059 361 jussit
1092 300 1188 348 huc
1225 301 1274 347 in
1309 319 1491 364 proxu-

463 387 632 416 mum:
665 369 732 415 ibi
763 385 955 416 manere
977 372 1127 436 jussit.

205 445 278 492 Eo
305 454 516 492 venturu
533 444 587 489 ’st
609 443 720 504 ipse.

601 537 632 570 Ε
673 538 701 570 Ρ
737 537 759 570 1
795 537 830 571 D
866 538 889 572 1
923 539 951 572 c
988 537 1024 572 U
1061 537 1099 572 s.

632 605 770 675 Quid
801 607 865 652 ita
883 606 905 651 Ρ

600 695 632 728 Τ
668 697 703 729 Η
738 697 768 729 Ε
807 697 829 730 s
865 697 893 730 P
930 698 964 731 R
999 698 1020 730 Ι
1058 698 1107 731 o.

801 767 984 814 Dicam.
1015 768 1128 829 quia
1147 769 1333 830 patrem
1364 770 1493 832 prius

208 838 267 887 Se
293 840 547 887 convenire
565 855 666 886 non
692 841 826 898 volt,
850 853 1015 903 neque
1044 842 1327 903 conspicari,
1346 858 1494 904 quam

467 912 518 957 id
547 923 796 976 argentum
816 946 830 970 ‚

134 994 136 997 ’
209 986 363 1056 Quod
392 986 597 1034 debetur
627 1003 716 1049 pro
748 987 855 1044 illa,
883 986 1263 1035 dinumeraverit.

609 1082 642 1116 Ε
678 1081 705 1114 Ρ
743 1081 764 1114 1
800 1082 836 1114 D
872 1073 898 1114 r
926 1082 955 1114 c
992 1080 1028 1113 U
1063 1080 1100 1114 s.

740 1148 854 1195 Heu
878 1147 1052 1210 edepol
1075 1164 1146 1194 res
1169 1147 1487 1196 turbulentas!

597 1243 628 1276 Τ
664 1243 698 1276 Η
733 1243 763 1275 Ε
801 1242 823 1276 s
860 1242 888 1274 Ρ
925 1243 959 1275 R
995 1242 1016 1275 1
1053 1242 1103 1276 o.

209 1314 351 1360 Mitte
376 1330 484 1372 me,
513 1325 569 1361 ut
598 1331 702 1360 eam
729 1328 860 1360 nunc
882 1314 998 1376 jam.

611 1407 642 1439 Ε
677 1407 706 1439 Ρ
746 1408 765 1440 1
802 1408 838 1439 D
875 1408 896 1439 1
933 1408 960 1440 c
998 1405 1033 1438 U
1069 1406 1107 1440 s.

575 1477 813 1522 Haeccine
842 1476 929 1523 ubi
955 1476 1092 1523 scibit
1116 1476 1291 1523 senex?
1316 1476 1493 1538 puppis

208 1548 455 1596 Pereunda
480 1550 534 1596 ’st
566 1548 732 1611 probe.

596 1644 628 1676 T
666 1644 699 1676 H
738 1643 767 1675 Ε
805 1642 828 1676 s
865 1643 894 1676 Ρ
930 1643 965 1676 R
998 1642 1021 1675 1
1059 1643 1109 1676 o.

599 1711 737 1780 Quid
759 1711 878 1758 istuc
900 1711 961 1757 ad
986 1728 1066 1757 me
1090 1710 1282 1777 attineq,
1309 1726 1409 1771 quo
1433 1721 1490 1756 tu

1003 1786 1200 1832 intereas
1223 1784 1389 1831 modo.

608 1886 639 1918 Ε
674 1885 703 1918 Ρ
739 1886 761 1918 1
795 1885 831 1918 D
869 1885 889 1917 1
922 1885 952 1917 t:
991 1884 1026 1917 U
1062 1885 1101 1919 s.

209 1957 339 2028 Quia
353 1956 503 2018 perire
533 1956 657 2001 solus
683 1955 828 2011 nolo,
848 1964 895 1999 te
916 1954 1059 2015 cupio
1084 1952 1236 2016 perite
1264 1967 1487 2011 mecum,

205 2030 500 2077 Benevolens
526 2045 640 2075 cum
667 2027 1000 2074 benevolente.

593 2122 625 2155 T
662 2123 696 2155 H
732 2122 762 2154 E
799 2122 821 2155 s
860 2122 889 2155 Ρ
923 2123 957 2156 R
992 2122 1013 2153 1
1050 2120 1101 2153 ο.

550 2189 645 2236 Abi
670 2190 720 2235 in
743 2190 918 2235 malam
939 2205 1041 2235 rem
1062 2203 1339 2235 maxumam
1363 2206 1390 2236 a
1407 2204 1489 2236 me

209 2267 337 2314 Cum
356 2265 467 2312 istac
491 2263 782 2311 conditione.

606 2360 641 2394 Ε
678 2355 707 2391 Ρ
741 2358 764 2390 1
799 2358 834 2390 D
868 2357 890 2390 1
926 2356 954 2388 c
990 2355 1027 2388 Π
1063 2355 1099 2389 s.

682 2420 708 2466 I
733 2434 841 2466 sane
859 2452 872 2477 ,
901 2418 936 2465 si
962 2417 1084 2479 quid
1115 2417 1299 2466 festinas
1325 2414 1482 2480 magis.
