1618 2866
214 215 273 261 88
580 211 1112 260 EPIDICUS.
1362 231 1493 276 wit)

210 321 313 368 Nisi
351 319 496 368 hodie
534 320 664 382 prius
707 320 988 382 conparassit
1018 312 1147 369 ‘mihi
1186 320 1494 386 quadraginta

468 408 617 439 minas
637 426 651 450 ‚

214 467 380 536 Quam
413 465 591 528 argenti
620 464 756 512 fuero
781 466 998 512 elocutus
1029 466 1074 511 ei
1097 476 1384 528 postremam
1404 468 1498 530 syl-

467 537 638 584 labam.

634 622 665 655 Ε
700 622 728 654 Ρ
766 622 786 654 1
821 622 856 654 D
896 622 917 654 1
953 621 980 654 c
1018 621 1054 653 U
1091 621 1131 654 s.

216 679 351 726 Salva
364 698 433 727 res
449 691 534 728 est:
551 681 677 727 bene
691 682 950 742 promittit:
970 697 1107 743 spero
1124 680 1324 726 servabit
1340 681 1498 731 fidem.

217 754 328 801 Sine
354 772 464 802 meo
486 766 648 807 sumtu
673 767 857 817 paratae
875 756 977 819 jam
1004 765 1116 800 sunt
1147 755 1346 816 scapulis
1372 771 1500 817 symss

473 827 626 873 bolae.

215 896 472 962 'Aggrediar
485 892 748 944 hominem.
774 898 1108 944 advenientem
1121 915 1313 964 peregre
1330 899 1502 947 herum

471 987 612 1016 suum
639 970 1004 1032 Stratippoclem

220 1041 357 1090 Salva
381 1043 577 1105 inpertit
604 1044 751 1088 salute
773 1060 925 1090 servos
940 1042 1179 1105 Epidicus.

452 1140 1279 1175 STRATIPPOCLES.

921 1246 923 1249 .
1065 1199 1361 1245 Ubiisest?·

610 1284 1103 1319 EPIDICUS.

1307 1333 1468 1381 Adest.

223 1396 414 1445 Salvom
444 1407 493 1442 te
521 1395 706 1460 gaudeo
735 1397 830 1442 huc
862 1399 1117 1450 advenisse.

448 1489 1283 1526 STRATIPPOCLES.

576 1548 701 1594 Tam
721 1548 811 1594 tibi
834 1549 952 1597 istuc
972 1550 1114 1597 credo
1131 1585 1148 1608 ‚
1172 1567 1320 1611 quam
1339 1550 1472 1595 mihi.

603 1634 635 1668 E
670 1634 697 1666 P
735 1634 756 1667 Ι
793 1635 828 1667 D
864 1634 885 1668 Ῑ
921 1637 948 1669 C
985 1635 1020 1668 U
1058 1635 1098 1669 S.

225 1693 417 1741 Benene
453 1711 607 1756 usque
633 1695 820 1740 valuisti
838 1696 860 1740 ?

450 1784 1278 1821 STRATIPPOCLES.

536 1846 581 1893 A
601 1847 774 1893 morbo
797 1848 953 1904 valui,
985 1847 1044 1893 ab
1075 1845 1237 1892 animo
1260 1860 1393 1909 aeger
1418 1844 1504 1891 fui.

611 1940 641 1972 Ε
679 1939 707 1972 1>
744 1940 764 1972 1
802 1941 837 1972 D
873 1939 894 1972 1
930 1939 957 1971 c
993 1938 1027 1971 U
1065 1938 1103 1971 s.

226 1998 380 2070 Quod
396 1998 457 2045 ad
472 2015 551 2045 me
567 1999 783 2058 attinuit,
800 2015 887 2064 ego
909 1999 1090 2045 curavi:
1110 1996 1248 2059 quod
1269 1989 1501 2041 mandasti

485 2072 606 2118 mihi
624 2105 640 2129 ,

226 2146 524 2207 Inpetratum
541 2145 617 2190 'stt
643 2153 769 2190 emta
787 2141 953 2188 ancilla
969 2141 1023 2187 ’st
1037 2175 1051 2199 ,
1071 2135 1207 2203 quod
1223 2152 1326 2188 tute
1345 2141 1406 2187 ad
1424 2157 1507 2188 me

483 2217 638 2263 literas
1400 2216 1411 2225 ”

227 2292 553 2341 Missiculabas.
888 2329 890 2332 .

412 2376 1283 2426 .ST.RATIPPOCLES.

446 2440 451 2443 ⁴
554 2436 803 2485 Perdidisti
835 2451 1031 2483 omnem
1062 2452 1271 2498 operam.
