1618 2866
1275 197 1370 244 ¹51

171 344 630 405 ACTUS
720 339 1284 404 PRIMUS.

464 477 968 536 SCENAI.

309 619 1054 675 'PENICULUs

85 671 150 795 J
152 748 439 785 UVENTUS
473 752 654 783 nomen
681 735 792 783 fecit
820 738 1049 784 Peniculo
1073 739 1222 799 mihi,

86 810 203 856 Ideo
226 811 339 872 quia
366 825 578 856 mensam
593 843 608 867 ‚
638 810 837 872 quando
863 810 982 867 edo,
1016 809 1254 877 detergeo.

86 883 318 930 Homines
350 883 586 944 capteivos
617 883 702 943 qui
735 883 908 928 catenis
931 883 1178 942 vinciunt,

86 956 148 1002 Et
173 956 261 1017 qui
286 955 493 1020 fugitivis
522 956 659 1001 servis
690 955 867 1001 indunt
894 957 1159 1018 conpedes,

87 1029 239 1076 Nimis
272 1031 415 1076 stulte
444 1029 650 1086 faciunt,
682 1045 788 1074 mea
820 1029 1019 1089 quidem
1041 1030 1288 1075 sententian

84 1102 313 1164 Namque
331 1101 519 1148 homini
536 1101 705 1147 misero
728 1102 766 1147 si
792 1101 852 1147 ad
879 1103 1062 1148 malum
1081 1101 1250 1148 accidit
1265 1117 1366 1147 ma-

341 1175 445 1220 lurn
464 1208 481 1231 ,

89 1249 241 1312 Maj01
264 1247 435 1293 lubido
450 1248 505 1293 'st
529 1246 717 1310 fugere,
741 1257 788 1292 et
806 1245 955 1293 facere
977 1249 1216 1308 nequiter.

90 1320 215 1366 Nam
237 1337 286 1366 se
311 1336 371 1366 ex
395 1320 567 1366 catenis
591 1319 809 1364 eximunt
834 1320 997 1380 aliquo
1026 1320 1193 1366 modo.

90 1394 224 1441 Tum
243 1393 486 1455 conpediti
517 1407 666 1438 anum
689 1392 802 1437 lima
823 1403 1096 1454 praeterunt
1112 1428 1126 1455 ²

92 1460 193 1513 Aut
222 1465 379 1528 lapide
406 1465 658 1511 excutiunt
683 1465 893 1511 clavom:
919 1482 1075 1529 nugae
1103 1476 1214 1512 sunt
1241 1483 1335 1513 eae.

91 1539 257 1607 Quem
286 1549 342 1585 tu
363 1553 588 1585 asservare
618 1548 775 1595 1ecte‚
811 1554 874 1584 ne
900 1537 1137 1601 aufugiat,
1165 1540 1330 1597 voles,

93 1611 205 1656 Esca
235 1621 381 1672 atque
411 1610 613 1672 potione
641 1610 807 1656 vinciri
837 1610 986 1656 decet.

91 1685 240 1748 Apud
261 1702 473 1732 mensam
492 1687 688 1747 plenam
709 1686 898 1731 homini
920 1696 1129 1732 rostrum
1151 1660 1342 1749 deliges.

92 1761 228 1808 Dum
243 1773 300 1808 tu
316 1761 407 1819 illi,
424 1761 561 1822 quod
583 1760 693 1807 edat
716 1771 764 1807 et
790 1760 928 1822 quod
943 1771 1103 1822 potet,
1124 1761 1372 1822 praebeam,-

95 1833 193 1881 Suo
217 1835 443 1880 arbitratu
472 1845 520 1880 et
549 1833 725 1880 affatim
752 1832 927 1880 cotidie
940 1868 956 1892 ‚

96 1906 376 1969 Numquam
404 1908 579 1970 edepol
595 1908 745 1972 fiigiet
759 1942 774 1965 ‚
801 1908 986 1953 tametsi
1009 1907 1179 1969 capital
1198 1907 1372 1955 fecerit.

99 1976 252 2024 Facile
281 1980 525 2026 asservabis
540 2014 554 2037 ,
590 1979 710 2025 dum
743 1996 800 2025 eo
826 1980 988 2027 vinclo
1020 1980 1209 2027 vincies.

99 2048 172 2093 Ita
196 2049 330 2097 istaec
360 2051 498 2097 nimis
522 2053 648 2097 lenta
679 2051 836 2097 vincla
864 2062 975 2097 sunt
1004 2053 1195 2099 escaria:

92 2120 265 2188 rQuam
287 2123 429 2186 magis
455 2123 677 2170 extendas
694 2157 707 2180 ‚
731 2134 865 2169 tanto
894 2123 1159 2187 astringunt
1185 2125 1363 2173 artius..

102 2190 227 2236 Nam
258 2208 344 2257 ego
373 2195 434 2240 ad
458 2196 829 2243 Menaechmum
860 2212 991 2243 nunc
1021 2207 1079 2243 eo
1095 2231 1110 2255 ‚
1145 2215 1245 2258 quo
1270 2199 1373 2261 jam

353 2264 438 2312 diu

104 2332 222 2379 Sum
245 2334 507 2398 judicatus,
533 2344 660 2389 ultro
691 2360 748 2389 eo
772 2355 828 2390 ut
857 2361 936 2391 me
961 2345 1149 2391 vinciat.

108 2408 231 2454 Nam
256 2408 349 2455 illic
371 2411 519 2460 homo
536 2417 752 2463 homines
769 2434 871 2464 non
888 2417 992 2475 alit,
1014 2433 1182 2464 verum
1207 2413 1377 2460 educat

1078 2486 1187 2547 144
