1618 2866
0 529 5 533 ¹
0 451 8 514 'W
0 384 14 446 ‚zu-m*
0 233 14 387 ,51W-=·--
0 186 10 222 τ’·
0 122 3 154 v*

0 1012 4 1023 .-
0 983 6 991 „
0 903 7 962 ψ...

349 347 725 405 ACTUS
800 343 1259 404 PRIMUS.

527 483 920 531 SCENA
993 484 1033 529 Ι.

232 619 730 662 PALINURUS,
779 623 1342 662 PHAEDROMUS.

489 759 1072 795 PALINURUS.

151 817 337 981 QUO
370 903 452 950 ted
482 903 574 967 hoc
603 903 754 950 noctis
790 903 944 950 dicam
974 905 1205 966 proficisci
1235 905 1354 953 foras

146 975 275 1024 Cum
299 977 415 1024 istoc
452 982 649 1034 ornatu,
677 993 888 1038 cumque
918 978 1004 1023 hac
1033 994 1243 1039 pompa,
1274 979 1423 1026 Phae-

167 1052 174 1055 ’
400 1049 567 1095 drome
586 1049 607 1094 ?

456 1149 1120 1184 PHAEDROMUS.

146 1221 264 1290 Quo
278 1219 442 1267 Venus
459 1220 748 1282 Cupidoque
764 1219 981 1282 imperat,
997 1222 1259 1284 suadetque
1272 1241 1417 1273 amor.

145 1292 195 1338 Si
222 1292 379 1339 media
404 1309 505 1338 nox
534 1303 623 1350 est,
652 1293 747 1338 sive
769 1304 836 1338 est
857 1294 1011 1355 prima
1034 1311 1255 1356 vespera-2

146 1364 195 1411 Si
216 1377 357 1412 status
386 1365 632 1412 condictus
662 1382 779 1412 cum
807 1367 942 1413 hoste
965 1367 1214 1417 intercedit
1241 1371 1368 1431 dies,

143 1438 327 1486 Tanien
355 1450 423 1486 est
444 1439 661 1486 eundum
675 1475 688 1498 ‚
715 1457 815 1501 quo
846 1440 1081 1502 imperant
1096 1478 1111 1501 ,
1137 1444 1354 1510 ingratiis.

481 1544 512 1578 P
546 1544 583 1579 A
615 1545 646 1579 L
680 1546 702 1579 1
737 1547 771 1580 N
812 1545 848 1579 U
882 1546 916 1580 R
947 1529 986 1579 *U
1024 1547 1063 1581 s.

140 1611 206 1663 At
225 1613 421 1661 tandem
446 1613 656 1665 tandem.

435 1714 1109 1751 PHAEDROMUS..

676 1783 897 1832 Tandem
926 1797 971 1833 es
1002 1789 1190 1836 odiosus
1212 1793 1357 1852 mihi.

484 1878 1068 1922 PALINURUS.

139 1950 266 2000 Istuc
294 1954 492 2015 quidem
517 1971 606 2002 nec
628 1955 815 2005 bellum
830 1959 911 2018 ’st‚
934 1978 1023 2009 nec
1045 1966 1377 2016 memorabile:

139 2025 267 2072 Tute
297 2027 385 2072 tibi
413 2043 533 2088 puer
563 2045 637 2074 es:
669 2031 825 2077 lautus
853 2034 981 2080 luces
1011 2052 1214 2088 cereum.

432 2124 461 2157 P
499 2124 536 2157 Η
570 2125 605 2158 A
638 2126 668 2158 E
705 2127 741 2160 D
777 2129 811 2161 R
846 2129 879 2162 o
915 2130 958 2163 M
993 2131 1029 2164 U
1066 2131 1103 2166 s.

141 2186 289 2250 Egon’
314 2189 604 2250 apiculaxum
638 2210 780 2255 opera
804 2207 1082 2260 congestum
1109 2215 1210 2246 non
1234 2201 1376 2250 feram
1391 2223 1411 2264 ,·

140 2259 214 2305 Ex
242 2260 368 2334 dqlci
397 2264 656 2318 oriundum
671 2301 685 2324 ‚
708 2269 950 2317 melliculo
979 2271 1107 2318 dulci
1131 2290 1242 2320 meo
1257 2275 1279 2320 ?

490 2363 519 2395 P
558 2363 1068 2404 ALINURUS.

140 2426 264 2475 Nam
297 2445 397 2491 quo
421 2442 470 2478 te
496 2434 650 2485 dicam
679 2454 766 2502 ego
794 2440 901 2486 ire?
945 2429 947 2431 ³
999 2479 1010 2499 ¹.

1142 2515 1231 2577 Aa
