1618 2866
141 172 238 221 ms
462 166 757 217 ACTUS
807 167 889 214 11.
941 165 1043 215 so
1091 167 1129 213 1.
1216 195 1222 199 -
1354 183 1414 229 a,

482 283 1059 318 PALINURUsv.

142 354 190 403 Si
214 363 339 400 recte
366 352 524 412 facias,
548 352 868 409 Phaedrome,
892 353 1119 399 auscultes
1143 350 1262 398 mihj
1279 383 1296 408 ‚

139 428 302 488 Atque
331 427 464 472 istam
494 425 713 471 exturbes
740 441 800 470 ex
830 425 990 470 animo
1021 424 1377 489 aegritudinem.

138 502 311 560 Paves,
343 502 564 548 Parasitus
594 501 704 562 quia
735 517 836 546 non
864 500 1003 546 rediit
1036 501 1178 547 Caria.

139 574 316 622 Afferre
346 586 590 639 argentum
624 572 780 619 credo.
811 589 923 618 nam
950 573 985 617 si
1020 589 1122 619 non
1151 573 1268 622 ferat
1282 608 1300 633 ‚

140 648 405 694 Tormento
428 662 529 692 non
552 645 741 692 retineri
766 645 928 707 potuit
957 644 1106 691 ferreo
1123 680 1137 703 ‚

142 720 277 790 Quin
298 719 523 780 reciperet
545 734 591 763 se
611 717 706 763 huc
726 718 887 782 cessim
905 717 965 762 ad
982 718 1244 780 praesepim
1266 735 1413 766 suam.

507 819 534 852 c
571 818 605 852 A
641 818 668 851 P
707 819 735 852 P
776 819 811 851 A
847 819 883 851 D
919 819 951 851 o
987 819 1038 852 x.

137 891 259 963 Quis
285 893 364 940 hic
397 904 488 952 est,
522 894 608 955 qui
639 894 893 955 loquitur?

493 997 522 1030 P
561 996 595 1029 A
633 997 662 1029 L
698 997 717 1028 1
752 997 787 1028 N
822 996 856 1029 U
893 998 927 1031 R
963 997 999 1030 U
1035 998 1073 1032 s.

703 1065 915 1134 Quojam
933 1082 1104 1113 vocem
1123 1083 1211 1132 ego
1228 1055 1372 1115 audio
1387 1067 1410 1114 ?

504 1158 530 1190 c
567 1158 601 1191 A
639 1159 667 1192 P
702 1159 730 1191 P
771 1159 804 1191 A
841 1160 950 1194 no
981 1162 1033 1195 x.

137 1225 280 1273 Estne
305 1227 381 1273 hic
402 1227 645 1274 Palinurus
672 1228 954 1276 Phaedromi
972 1230 995 1275 Ξ)

484 1320 513 1353 Ρ
547 1318 583 1351 Α
618 1319 648 1351 L
684 1319 704 1351 1
740 1321 772 1353 N
810 1320 845 1353 U
879 1322 912 1354 R
950 1322 986 1354 U
1022 1321 1060 1356 s.

926 1390 1028 1460 Qui
1057 1390 1134 1438 hic
1161 1392 1410 1441 est‘homo

136 1457 261 1506 Cum
290 1461 526 1507 conlativo
552 1471 745 1518 ventre,
773 1472 919 1523 atque
942 1464 1088 1510 oculis
1121 1465 1302 1512 herbeis
1319 1466 1342 1512 P

122 1530 210 1577 'De
231 1531 381 1579 forma
408 1533 552 1590 novi,
582 1533 642 1579 de
675 1535 833 1580 colore
864 1551 966 1581 non
998 1553 1127 1596 queo

133 1601 337 1650 Novisse.
353 1605 549 1668 jamjam
574 1604 717 1650 novi:
750 1606 863 1651 leno
888 1607 943 1653 ’st
970 1607 1243 1670 Cappadox.

133 1675 428 1741 Congrediar.

500 1762 527 1794 c
564 1761 599 1795 A
633 1763 662 1796 Ρ
698 1762 728 1795 Ρ
764 1762 799 1795 Α
834 1764 870 1796 D
906 1763 938 1797 ο
974 1765 1025 1798 Χ.

448 1831 612 1895 Salve,
641 1838 871 1885 Palinure.

488 1932 520 1965 P
556 1933 592 1966 A
626 1907 715 1968 1.'1
747 1936 782 1968 N
818 1936 853 1967 U
888 1938 922 1970 R
959 1937 995 1969 U
1030 1937 1068 1972 s.

889 2003 937 2049 O
963 2006 1191 2053 scelerum
1216 2020 1389 2071 caput,

139 2063 335 2114 Salveto.
366 2069 486 2130 quid
515 2070 644 2134 agis?

489 2172 516 2204 c
551 2173 586 2205 A
622 2174 652 2207 P
689 2175 720 2207 P
760 2175 794 2208 A
829 2177 865 2210 D
903 2179 935 2211 o
970 2180 1022 2213 x.

611 2242 751 2290 Vivo.

482 2334 515 2368 P
552 2334 587 2372 A
620 2337 652 2371 L
683 2338 706 2372 I
741 2340 775 2374 N
808 2340 845 2373 U
879 2342 913 2375 R
948 2342 983 2374 U
1020 2343 1058 2377 S.

854 2410 1041 2473 Nempe
1066 2423 1122 2459 ut
1148 2411 1316 2478 dignus
1341 2430 1398 2459 es.
