1618 2866
247 210 277 259 5
605 206 1170 256 CURCULIO.
1400 221 1525 269 v.13

552 328 1226 364 PHAEDROMUS.

931 396 981 444 Si
1009 408 1064 444 tu
1087 415 1168 444 me
1192 412 1352 462 roges,

249 466 415 515 Dicam
435 499 449 523 ‚
477 477 532 512 ut
561 466 682 521 scias.

589 554 618 586 Ρ
658 552 692 586 A
728 553 758 586 L
794 553 815 584 1
851 553 883 585 N
920 552 955 585 U
991 553 1024 586 R
1060 551 1096 584 U
1133 551 1171 585 s.
1207 545 1214 559 '
1501 594 1506 599 .

711 619 760 667 Si
788 621 1016 685 rogitem,
1045 619 1167 680 quid
1189 617 1500 681 respondeas?

497 708 1231 747 'PHAEDROMU'S.

251 779 358 832 Hoc
387 780 635 842 Aesculapi
657 779 823 827 fanum
858 781 926 825 ’st.
1184 774 1188 777 ⁵

205 848 214 856 ⁶
603 873 633 906 P
669 873 703 906 A
739 873 770 906 1.
803 872 824 905 1
861 873 893 905 N
932 871 967 904 U
1003 873 1037 905 R
1072 871 1107 904 U
1144 871 1183 904 s.

990 939 1099 985 Plus
1115 940 1217 1003 jam
1241 954 1369 985 anno
1392 940 1499 986 scio.

548 1035 576 1067 Ρ
618 1034 651 1067 Η
688 1035 722 1067 Α
763 1033 792 1067 Ε
832 1035 867 1067 D
907 1034 940 1066 R
979 1033 1011 1065 o
1050 1032 1093 1065 M
1130 1031 1166 1064 U
1205 1031 1242 1065 s.

250 1096 380 1142 Huic
414 1111 712 1156 proxumum
742 1093 863 1139 illud
894 1093 1070 1139 ostium
1101 1094 1483 1141 occlusissimum.

253 1169 388 1216 Salve
409 1188 418 1214 :
453 1168 684 1214 valuistin’
710 1184 863 1228 usque
880 1202 893 1224 ,
921 1167 1095 1213 ostium
1126 1168 1495 1215 occlusissimum
1511 1168 1534 1215 Ρ

602 1261 1194 1295 PALINURUS.

253 1332 478 1381 Caruitne
511 1330 650 1378 feb1is
682 1341 730 1375 te
762 1331 892 1386 heri,
917 1332 994 1376 vel
1021 1328 1196 1377 nudius
1227 1332 1426 1378 tertius?

251 1405 314 1451 Et
338 1404 437 1450 heri
465 1402 781 1450 coenavistine
798 1402 820 1447 ,Ρ

558 1495 587 1528 Ρ
627 1495 662 1528 Η
698 1494 733 1527 A
766 1494 796 1526 E
834 1495 870 1527 D
907 1495 938 1528 R
971 1493 1004 1528 o
1041 1494 1084 1527 M
1119 1495 1155 1528 U
1191 1493 1229 1528 s.

834 1557 1094 1604 Deridesne
1123 1556 1236 1602 me?

599 1644 627 1678 Ρ
664 1642 700 1676 A
735 1644 764 1676 L
801 1644 821 1675 1
857 1643 890 1676 Ν
925 1643 960 1676 U
997 1644 1030 1676 R
1065 1642 1101 1675 U
1138 1639 1177 1674 S.

253 1705 393 1776 Quid
417 1716 471 1751 tu
496 1721 628 1769 ergo,
654 1705 815 1750 insane
829 1739 845 1764 ,
867 1703 1037 1767 rogitas
1053 1737 1067 1760 ,
1090 1703 1306 1751 valeatne
1328 1702 1534 1749 ostium?

565 1795 1241 1830 PHA'EDROMUS.

249 1867 580 1915 Bellissumum
599 1901 611 1922 ‚
631 1866 787 1911 hercle
801 1899 814 1921 ,
837 1865 963 1922 vidi,
985 1874 1031 1910 et
1049 1864 1498 1910 taciturnissumum.

248 1939 531 2000 Numquam
566 1939 723 1984 ullum
749 1937 953 1984 verbum
981 1937 1175 1985 muttit:
1206 1953 1360 1998 quom
1379 1937 1531 2000 aperi-

503 2021 611 2067 tur,
641 2022 789 2057 tacet:

251 2084 522 2154 Quomque
558 2083 635 2127 illa
671 2094 820 2129 noctu
862 2083 1135 2129 clanculum
1174 2080 1236 2127 ad
1278 2097 1359 2127 me
1397 2081 1494 2127 exit
1513 2114 1538 2139 ,.

438 2190 448 2194 -
501 2167 636 2202 tacet.

603 2241 630 2273 Ρ
664 2240 705 2272 ’Ἀ
742 2241 770 2273 L
806 2242 825 2274 1
860 2242 895 2274 Ν
935 2241 971 2272 U
1007 2241 1038 2272 R
1075 2239 1111 2271 U
1150 2237 1187 2270 s.
1572 2287 1573 2290 Ἰ

247 2300 503 2363 Numquid
534 2311 588 2346 tu
605 2335 618 2357 ,
649 2301 785 2362 quod
811 2313 858 2348 te
884 2311 965 2347 aut
994 2314 1163 2364 genere
1193 2297 1447 2363 indignum
1473 2297 1532 2358 sit

501 2384 589 2419 tuo

248 2446 374 2494 Facis
390 2480 404 2505 ,
433 2456 514 2492 aut
541 2445 747 2506 inceptas
773 2441 950 2490 facinus
982 2441 1158 2502 facere,
1186 2441 1515 2489 Phaedtome?
