1618 2866
45 199 169 259 ηε
335 190 626 242 ACTUS
677 152 1080 238 v.sc.v1'1.
1236 202 1326 244 227

48 305 177 353 Cum
201 302 394 351 viatico:
431 299 483 346 id
515 298 605 346 tibi
622 298 726 362 jam
758 296 856 366 huc
887 294 1088 342 afferam.

338 375 1038 431 MENAEchus.'

970 459 1099 508 Affe1
1131 472 1334 509 strenue.

428 560 471 592 M
506 558 537 590 Ε
573 557 597 591 s
635 556 659 590 s
695 555 726 587 Ε
763 555 796 588 N
830 556 852 588 1
889 555 937 588 0.

53 603 247 679 sa1v03m
282 629 371 676 tibi
403 629 521 675 item
553 638 611 674 ut
651 627 772 673 mihi
806 626 977 674 dedisti
996 659 1011 685 ‚
1051 626 1333 674 redhibebo.

303 700 382 746 hic
406 715 486 746 me
514 714 668 746 mane.

357 795 1026 832 MENALCHMUS.

56 867 212 914 Nimia
233 866 351 913 mim
381 865 500 911 mihi
530 862 731 925 quidem
749 862 896 909 hodie
929 874 1092 911 exorta
1116 876 1228 912 sunt
1246 866 1337 914 mi⁴

44 945 47 946 ⁷
307 939 365 985 ris
396 936 565 983 modis.

57 1011 153 1059 Alii
183 1029 263 1059 me
297 1023 472 1076 negant
496 1027 609 1056 eum
634 1026 729 1055 esse
752 1009 838 1070 qui
856 1025 960 1071 surg
974 1043 988 1066 ,
1010 1020 1156 1070 atque
1176 1011 1341 1056 exclu-

311 1083 436 1130 dunt
464 1082 596 1127 foras.

59 1155 214 1202 Etiam
242 1155 319 1200 hic
354 1169 539 1200 servom
573 1168 666 1198 esse
694 1167 742 1197 se
772 1167 940 1197 meum
973 1150 1157 1215 ajebat,
1190 1167 1341 1213 quem

314 1243 405 1292 ego
430 1226 561 1273 emisi
595 1241 756 1271 manu.

14 1333 20 1338 .
63 1299 107 1345 Is
139 1299 205 1367 ait
219 1330 236 1358 ‚
273 1316 321 1346 se
359 1299 480 1347 mihi
512 1299 766 1345 allaturum
802 1314 916 1346 cum
941 1309 1135 1363 argento
1162 1314 1343 1346 marsu-

314 1389 465 1434 p1um.

65 1447 127 1493 Id
148 1447 186 1512 εξ
212 1447 446 1504 attulerit,
481 1446 636 1492 dicam
664 1456 721 1492 ut
749 1463 776 1492 a
806 1462 885 1491 me
918 1446 1055 1491 abeat
1088 1445 1208 1492 libet
1240 1462 1343 1506 quo

266 1512 269 1515 Δ
314 1521 469 1566 volet:

63 1590 140 1638 Ne
164 1603 298 1651 tum,
337 1592 533 1654 quando
557 1608 694 1638 sanus
724 1591 870 1637 factus
898 1591 983 1648 sit,
1027 1608 1054 1636 a
1078 1606 1158 1636 me
1182 1592 1349 1654 ar'gen-

317 1676 425 1711 tum
457 1675 601 1726 petat.

68 1736 208 1787 Socer
234 1737 519 1784 et-medicus
541 1753 620 1782 me
639 1736 836 1781 insanire
863 1733 1098 1780 dicebant.
1121 1733 1243 1796 quid
1258 1733 1347 1790 sit,

230 1802 234 1805 Δ
326 1811 444 1856 mira
477 1820 600 1855 sunt.

73 1881 202 1951 Haec
235 1885 388 1948 njhilo
430 1884 552 1929 mihi
593 1894 686 1928 esse
719 1881 944 1929 videntur
982 1881 1128 1928 secius
1146 1916 1162 1940 ‚
1201 1878 1351 1942 quatu

324 1973 521 2003 somma.

78 2026 218 2073 Nunc
236 2029 317 2075 ibo
341 2030 468 2075 intro
486 2029 547 2075 ad
565 2029 687 2075 hanc
711 2028 1030 2075 meretricem:
1055 2042 1355 2089 quamquam

233 2097 238 2099 ¹
326 2113 567 2148 succenset
599 2102 751 2158 mihi,

81 2171 130 2221 Si
160 2188 351 2234 possum
374 2191 564 2220 exorare
589 2187 644 2221 ut
669 2176 844 2236 pallam
869 2174 1038 2222 reddat
1055 2209 1071 2234 ‚
1104 2189 1252 2235 quam
1281 2188 1351 2219 re·-

329 2244 475 2292 feram
507 2246 727 2295 domum.
