1618 2866
148 147 326 251 “524
452 183 1241 235 MOSTELLARIA.
1386 201 1512 249 v.59

749 303 772 336 s
808 304 830 337 1
865 303 908 336 M
945 305 992 337 o.

226 364 358 413 Nihil
390 380 551 411 moror
577 363 696 409 mihi
725 363 990 410 istiusmodi
1016 364 1210 410 clientis.

681 458 712 490 T
749 458 782 492 R
818 457 854 490 A
889 459 923 492 N
961 457 983 490 Ι
1019 458 1070 491 0.

224 518 370 565 Nunc
393 517 487 564 hoc
514 517 651 579 quod
675 517 735 563 ad
763 528 811 564 te
839 528 998 564 noster
1022 534 1102 563 me
1133 516 1259 562 misit
1285 531 1440 562 senex.

746 617 768 650 S
807 617 827 649 I
866 616 909 649 M
946 616 995 649 O.

223 675 337 722 Hoc
354 676 473 722 mihi
500 675 734 738 responde
756 676 970 737 primum
986 710 998 733 ‚
1031 675 1168 737 quod
1183 691 1279 740 ⁴ego
1300 685 1348 720 te
1370 689 1508 738 rogo:

220 749 329 808 Jam
360 750 420 796 de
447 750 540 796 istis
573 750 713 796 rebus
740 762 896 797 voster
925 750 1046 811 quid
1081 751 1220 796 sensit
1254 749 1435 796 senex?

684 847 716 879 T
745 846 780 880 R
816 846 849 878 A
886 847 921 879 N
957 846 979 878 1
1017 846 1066 879 o.

224 897 358 944 Nihil
388 897 670 959 quidquam.

750 974 773 1010 S
809 977 831 1009 1
866 976 911 1009 M
946 977 996 1009 ο.

711 1035 967 1098 Numquid
996 1035 1256 1098 increpavit
1285 1033 1474 1081 filium?

680 1130 712 1163 T
747 1132 782 1165 R
815 1131 850 1164 A
883 1131 918 1164 N
952 1131 973 1164 1
1010 1131 1058 1164 0.

228 1190 351 1238 Tam
383 1190 573 1252 liquidu
598 1191 682 1249 ’st‚
723 1208 873 1253 quam
908 1192 1091 1254 liquida
1127 1208 1221 1238 esse
1259 1199 1508 1252 tempestas

482 1267 612 1311 solet.

227 1336 371 1382 Nunc
398 1347 446 1382 te
472 1338 565 1383 hoc
594 1354 722 1384 orare
744 1338 885 1400 jussit
917 1354 1060 1399 opere
1085 1351 1314 1382 maxumo
1332 1368 1346 1392 ,

226 1407 295 1454 Ut
322 1409 410 1455 sibi
435 1409 597 1455 liceret
627 1410 853 1471 inspicere
883 1411 962 1455 has
990 1409 1115 1455 aedis
1146 1420 1260 1454 tuas,

750 1501 772 1535 S
808 1501 829 1534 1
865 1500 908 1533 M
945 1501 992 1534 0.

227 1551 346 1600 Non
376 1566 487 1601 sunt
511 1557 711 1603 venales.

684 1642 716 1674 T
752 1642 785 1674 R
819 1638 854 1672 A
888 1640 922 1672 N
957 1638 978 1671 1
1016 1639 1063 1672 o.

691 1693 798 1740 Scio
828 1691 1056 1752 equidem
1087 1690 1219 1736 istuc.
1258 1689 1340 1735 sed
1369 1705 1512 1735 senex

233 1766 544 1828 Gynaeceum
578 1766 818 1813 aedificare
848 1765 952 1810 volt
983 1764 1060 1809 hic
1087 1763 1138 1808 in
1165 1763 1254 1808 suis
1271 1797 1286 1818 ‚

229 1836 294 1885 Et
323 1838 525 1884 balineas
562 1851 610 1884 et
638 1839 967 1884 ambulacrum
1001 1847 1048 1881 et
1080 1835 1333 1897 porticum.

751 1930 773 1963 S
811 1930 830 1961 1
868 1929 911 1960 M
947 1929 995 1962 O·

232 1988 371 2060 Quid
397 1990 773 2038 consomniavit?

691 2079 722 2111 T
759 2080 792 2113 R
830 2077 865 2111 A
896 2077 931 2109 N
966 2077 986 2109 1
1023 2077 1070 2109 ο.

822 2140 924 2204 Ego
959 2136 1111 2183 dicam
1140 2136 1251 2182 tibi:

232 2212 358 2261 Dare
384 2215 487 2260 volt
515 2229 717 2260 uxorem
747 2212 845 2259 filio
862 2246 877 2270 ‚
910 2222 1148 2272 quantum
1180 2220 1357 2271 potest:

232 2286 312 2333 Ad
336 2304 439 2333 eam
464 2305 567 2334 rem
589 2288 736 2335 facere
756 2288 861 2334 volt
884 2302 1068 2332 novom
1095 2300 1399 2349 gynaeceum.
1441 2283 1446 2287 ’

235 2361 359 2407 Nam
388 2362 475 2407 sibi
506 2362 713 2407 laudasse
747 2362 881 2407 hasce
914 2359 978 2405 ait
1013 2359 1380 2407 architectonem

236 2434 405 2482 Nescio
437 2452 585 2498 quem
602 2469 618 2492 ,
650 2450 744 2482 esse
772 2432 1029 2479 aedificatas
1061 2432 1138 2477 has
1167 2447 1274 2476 sane
1304 2429 1440 2475 bene.
