1618 2866
246 214 338 261 106
623 213 1151 291 EPIDICUS.
1431 218 1524 268 v.8

241 322 403 390 Quam
435 318 682 364 ostendam
708 319 948 366 fidicinam
971 321 1129 382 aliqua
1157 321 1523 370 conducticiam.

238 391 402 451 Atque
433 390 482 434 id
510 397 710 451 quoque
731 390 898 436 habeo.
922 407 1061 437 mane
1092 409 1171 439 me
1183 394 1318 457 jussit
1348 410 1493 440 senex

240 464 521 510 Conducere
549 463 759 523 aliquam
789 463 1028 511 fidicinam
1054 464 1142 511 sibi
1167 466 1262 512 huc
1291 465 1524 524 domum,

239 539 375 585 Dum
405 557 503 585 rem
530 539 742 585 divinam
779 538 976 596 faceret,
1012 550 1218 586 cantaret
1244 539 1346 586 sibi.

240 613 307 658 Ea
342 613 669 670 conducetur,
705 624 849 675 atque
877 614 918 659 ei
946 615 1424 676 praemonstrabitur,

241 687 357 755 Quo
387 699 526 748 pacto
558 687 638 731 fiat
665 686 864 732 subdola
887 687 1110 732 advorsus
1146 704 1320 734 senem.

242 765 332 811 Ibo
356 765 508 822 intro,
537 775 786 828 argentum
814 764 1038 824 accipiam
1057 763 1116 810 ab
1142 763 1372 809 damnoso
1399 779 1522 811 sene.

478 896 987 953 ActhJS
1099 896 1293 954 IIL

657 1010 989 1070 SCENA
1082 1025 1122 1069 r

244 1129 911 1168 STRATIPPOGLES,
952 1130 1517 1166 CHAERIBULUS.

467 1256 1300 1291 STRATIPPOCLES.

243 1314 691 1424 EXSPECTANDO
728 1375 905 1421 exedor
938 1376 1105 1433 miser,
1152 1386 1298 1438 atque
1331 1387 1527 1423 exente-
1594 1411 1597 1414 r

499 1466 600 1506 ror,
640 1449 893 1510 quomodo
925 1449 1044 1494 mihi

244 1523 429 1585 Epidici
447 1522 623 1569 blanda
644 1522 767 1568 dicta
788 1522 1019 1568 eveniant.
1040 1521 1179 1568 nimis
1197 1521 1281 1567 diu
1298 1539 1518 1569 maceror.

244 1597 376 1644 Sitne
403 1595 523 1659 quid
538 1631 552 1653 ‚
573 1611 723 1641 necne
747 1595 830 1653 sit,
863 1596 974 1642 scire
995 1595 1152 1656 cupio.

527 1691 1236 1727 CHAERIBULUS.

935 1753 1023 1800 Per
1053 1754 1181 1799 illam
1198 1752 1288 1798 tibi
1310 1753 1522 1814 copiam,

245 1827 444 1888 Copiam
462 1844 622 1888 parare
640 1828 776 1874 aliam
794 1829 924 1874 licet:
951 1828 1062 1875 scivi
1081 1827 1307 1889 equidem
1329 1826 1379 1872 in
1396 1820 1526 1888 prin-v

496 1903 621 1963 cipio

243 1976 378 2022 Illico
407 1978 590 2023 nullam
617 1978 706 2023 tibi
739 1995 831 2024 esse
858 1979 909 2024 in
932 1978 1015 2023 illo
1045 1976 1244 2037 copiam.

451 2067 1292 2107 STRATIPPOCLES.

999 2128 1161 2176 Interii
1189 2128 1344 2174 hercle
1374 2127 1485 2191 ega!
1524 2138 1528 2140 ’

516 2231 1224 2267 CHAERIBU1.US.

242 2290 458 2338 Absurde
477 2290 610 2349 facis,
643 2294 729 2353 qui
755 2311 893 2358 angas
914 2306 962 2340 te
997 2294 1155 2339 animi.

451 2393 1290 2428 STRATIPPOCLES.

487 2455 535 2502 Si
555 2456 710 2502 hercle
729 2472 816 2520 ego
837 2455 975 2500 illum
998 2457 1141 2501 semel
1159 2453 1488 2517 prehender03
