<?xml version="1.0" encoding="UTF-8"?>
<!DOCTYPE html PUBLIC "-//W3C//DTD XHTML 1.0 Transitional//EN"
    "http://www.w3.org/TR/xhtml1/DTD/xhtml1-transitional.dtd">
<html xmlns="http://www.w3.org/1999/xhtml" xml:lang="en" lang="en">
 <head>
  <title>
</title>
<meta http-equiv="Content-Type" content="text/html;charset=utf-8" />
  <meta name='ocr-system' content='tesseract 3.04.00' />
  <meta name='ocr-capabilities' content='ocr_page ocr_carea ocr_par ocr_line ocrx_word'/>
</head>
<body>
  <div class='ocr_page' id='page_1' title='image "./comoediaesuperst02plauuoft_0158.png"; bbox 0 0 1618 2866; ppageno 0'>
   <div class='ocr_carea' id='block_1_1' title="bbox 215 189 1490 252">
    <p class='ocr_par' dir='ltr' id='par_1_1' title="bbox 215 189 1490 252">
     <span class='ocr_line' id='line_1_1' title="bbox 215 189 1490 252; baseline -0.002 -12"><span class='ocrx_word' id='word_1_1' title='bbox 215 209 309 252; x_wconf 75' lang='lat'>150.</span> <span class='ocrx_word' id='word_1_2' title='bbox 498 189 1162 238; x_wconf 85' lang='lat' dir='ltr'><strong>PROLOGUS.</strong></span> <span class='ocrx_word' id='word_1_3' title='bbox 1359 206 1490 252; x_wconf 81' lang='lat' dir='ltr'><strong>v.55</strong></span> 
     </span>
    </p>
   </div>
   <div class='ocr_carea' id='block_1_2' title="bbox 209 297 1520 2194">
    <p class='ocr_par' dir='ltr' id='par_1_2' title="bbox 211 297 1312 368">
     <span class='ocr_line' id='line_1_2' title="bbox 211 297 1312 368; baseline 0 -25"><span class='ocrx_word' id='word_1_4' title='bbox 211 298 312 368; x_wconf 71' lang='lat' dir='ltr'>Qui</span> <span class='ocrx_word' id='word_1_5' title='bbox 341 297 526 343; x_wconf 82' lang='lat' dir='ltr'><strong>dederit</strong></span> <span class='ocrx_word' id='word_1_6' title='bbox 542 331 555 353; x_wconf 81' lang='lat'><strong><em>‚</em></strong></span> <span class='ocrx_word' id='word_1_7' title='bbox 587 297 732 360; x_wconf 85' lang='lat' dir='ltr'>magis</span> <span class='ocrx_word' id='word_1_8' title='bbox 763 298 962 360; x_wconf 80' lang='lat' dir='ltr'>majores</span> <span class='ocrx_word' id='word_1_9' title='bbox 982 313 1130 362; x_wconf 85' lang='lat' dir='ltr'>nugas</span> <span class='ocrx_word' id='word_1_10' title='bbox 1155 298 1312 362; x_wconf 87' lang='lat' dir='ltr'>egerit.</span> 
     </span>
    </p>

    <p class='ocr_par' dir='ltr' id='par_1_3' title="bbox 209 369 1496 490">
     <span class='ocr_line' id='line_1_3' title="bbox 209 369 1496 432; baseline -0.001 -15"><span class='ocrx_word' id='word_1_11' title='bbox 209 369 394 418; x_wconf 85' lang='lat' dir='ltr'>Verum</span> <span class='ocrx_word' id='word_1_12' title='bbox 429 370 543 415; x_wconf 86' lang='lat' dir='ltr'>illuc</span> <span class='ocrx_word' id='word_1_13' title='bbox 572 369 742 427; x_wconf 86' lang='lat' dir='ltr'>redeo,</span> <span class='ocrx_word' id='word_1_14' title='bbox 771 369 903 415; x_wconf 91' lang='lat' dir='ltr'>unde</span> <span class='ocrx_word' id='word_1_15' title='bbox 929 370 1052 428; x_wconf 85' lang='lat' dir='ltr'>abii,</span> <span class='ocrx_word' id='word_1_16' title='bbox 1086 381 1233 432; x_wconf 91' lang='lat' dir='ltr'>atque</span> <span class='ocrx_word' id='word_1_17' title='bbox 1264 386 1364 417; x_wconf 90' lang='lat' dir='ltr'>uno</span> <span class='ocrx_word' id='word_1_18' title='bbox 1397 381 1496 416; x_wconf 89' lang='lat' dir='ltr'>asto</span> 
     </span>
     <span class='ocr_line' id='line_1_4' title="bbox 466 444 665 490; baseline 0.005 -1"><span class='ocrx_word' id='word_1_19' title='bbox 466 444 518 490; x_wconf 87' lang='lat' dir='ltr'>in</span> <span class='ocrx_word' id='word_1_20' title='bbox 541 445 665 490; x_wconf 87' lang='lat' dir='ltr'>loco.</span> 
     </span>
    </p>

    <p class='ocr_par' dir='ltr' id='par_1_4' title="bbox 213 514 1401 577">
     <span class='ocr_line' id='line_1_5' title="bbox 213 514 1401 577; baseline -0.002 -14"><span class='ocrx_word' id='word_1_21' title='bbox 213 514 588 576; x_wconf 82' lang='lat' dir='ltr'>Epidamniensis</span> <span class='ocrx_word' id='word_1_22' title='bbox 620 515 729 574; x_wconf 83' lang='lat' dir='ltr'>ille,</span> <span class='ocrx_word' id='word_1_23' title='bbox 766 532 914 577; x_wconf 88' lang='lat' dir='ltr'>quem</span> <span class='ocrx_word' id='word_1_24' title='bbox 939 515 1128 562; x_wconf 90' lang='lat' dir='ltr'>dudum</span> <span class='ocrx_word' id='word_1_25' title='bbox 1160 515 1401 572; x_wconf 84' lang='lat' dir='ltr'>dixeram,</span> 
     </span>
    </p>

    <p class='ocr_par' dir='ltr' id='par_1_5' title="bbox 218 590 1512 655">
     <span class='ocr_line' id='line_1_6' title="bbox 218 590 1512 655; baseline 0.001 -19"><span class='ocrx_word' id='word_1_26' title='bbox 218 590 482 637; x_wconf 85' lang='lat' dir='ltr'>Geminum</span> <span class='ocrx_word' id='word_1_27' title='bbox 505 591 642 636; x_wconf 89' lang='lat' dir='ltr'>illurn</span> <span class='ocrx_word' id='word_1_28' title='bbox 668 609 872 652; x_wconf 89' lang='lat' dir='ltr'>puerum</span> <span class='ocrx_word' id='word_1_29' title='bbox 899 593 986 654; x_wconf 91' lang='lat' dir='ltr'>qui</span> <span class='ocrx_word' id='word_1_30' title='bbox 1004 592 1242 655; x_wconf 82' lang='lat' dir='ltr'>subripuit</span> <span class='ocrx_word' id='word_1_31' title='bbox 1264 593 1512 649; x_wconf 67' lang='lat' dir='ltr'>alterum,⁴</span> 
     </span>
    </p>

    <p class='ocr_par' dir='ltr' id='par_1_6' title="bbox 218 665 1266 724">
     <span class='ocr_line' id='line_1_7' title="bbox 218 665 1266 724; baseline -0.001 -13"><span class='ocrx_word' id='word_1_32' title='bbox 218 665 276 711; x_wconf 88' lang='lat' dir='ltr'>Ei</span> <span class='ocrx_word' id='word_1_33' title='bbox 306 665 570 710; x_wconf 87' lang='lat' dir='ltr'>liberorum</span> <span class='ocrx_word' id='word_1_34' title='bbox 588 698 602 721; x_wconf 82' lang='lat'>,</span> <span class='ocrx_word' id='word_1_35' title='bbox 636 665 723 710; x_wconf 91' lang='lat' dir='ltr'>nisi</span> <span class='ocrx_word' id='word_1_36' title='bbox 750 665 940 713; x_wconf 88' lang='lat' dir='ltr'>divitiae</span> <span class='ocrx_word' id='word_1_37' title='bbox 957 700 970 724; x_wconf 86' lang='lat'>‚</span> <span class='ocrx_word' id='word_1_38' title='bbox 999 666 1119 711; x_wconf 88' lang='lat' dir='ltr'>nihil</span> <span class='ocrx_word' id='word_1_39' title='bbox 1149 676 1266 711; x_wconf 88' lang='lat' dir='ltr'>erat:</span> 
     </span>
    </p>

    <p class='ocr_par' dir='ltr' id='par_1_7' title="bbox 219 737 1210 799">
     <span class='ocr_line' id='line_1_8' title="bbox 219 737 1210 799; baseline 0 -16"><span class='ocrx_word' id='word_1_40' title='bbox 219 737 434 799; x_wconf 89' lang='lat' dir='ltr'>Adoptat</span> <span class='ocrx_word' id='word_1_41' title='bbox 464 738 601 783; x_wconf 90' lang='lat' dir='ltr'>illum</span> <span class='ocrx_word' id='word_1_42' title='bbox 624 754 829 799; x_wconf 90' lang='lat' dir='ltr'>puerum</span> <span class='ocrx_word' id='word_1_43' title='bbox 864 738 1210 799; x_wconf 81' lang='lat' dir='ltr'>subrepticium</span> 
     </span>
    </p>

    <p class='ocr_par' dir='ltr' id='par_1_8' title="bbox 222 809 1371 871">
     <span class='ocr_line' id='line_1_9' title="bbox 222 809 1371 871; baseline 0 -16"><span class='ocrx_word' id='word_1_44' title='bbox 222 809 323 856; x_wconf 87' lang='lat' dir='ltr'>Sibi</span> <span class='ocrx_word' id='word_1_45' title='bbox 346 810 501 856; x_wconf 90' lang='lat' dir='ltr'>filium</span> <span class='ocrx_word' id='word_1_46' title='bbox 520 844 534 867; x_wconf 85' lang='lat'><strong>,</strong></span> <span class='ocrx_word' id='word_1_47' title='bbox 561 811 702 871; x_wconf 89' lang='lat' dir='ltr'>eique</span> <span class='ocrx_word' id='word_1_48' title='bbox 736 827 941 857; x_wconf 89' lang='lat' dir='ltr'>uxorem</span> <span class='ocrx_word' id='word_1_49' title='bbox 971 810 1184 857; x_wconf 84' lang='lat' dir='ltr'>dotatam</span> <span class='ocrx_word' id='word_1_50' title='bbox 1215 810 1371 855; x_wconf 86' lang='lat' dir='ltr'>dedit:</span> 
     </span>
    </p>

    <p class='ocr_par' dir='ltr' id='par_1_9' title="bbox 219 883 1493 947">
     <span class='ocr_line' id='line_1_10' title="bbox 219 883 1493 947; baseline -0.002 -15"><span class='ocrx_word' id='word_1_51' title='bbox 219 886 446 946; x_wconf 82' lang='lat' dir='ltr'>Eumque</span> <span class='ocrx_word' id='word_1_52' title='bbox 474 885 701 931; x_wconf 85' lang='lat' dir='ltr'>heredem</span> <span class='ocrx_word' id='word_1_53' title='bbox 732 885 868 943; x_wconf 85' lang='lat' dir='ltr'>fecit,</span> <span class='ocrx_word' id='word_1_54' title='bbox 898 903 1051 947; x_wconf 91' lang='lat' dir='ltr'>quom</span> <span class='ocrx_word' id='word_1_55' title='bbox 1073 886 1170 947; x_wconf 88' lang='lat' dir='ltr'>ipse</span> <span class='ocrx_word' id='word_1_56' title='bbox 1202 885 1321 931; x_wconf 90' lang='lat' dir='ltr'>obiit</span> <span class='ocrx_word' id='word_1_57' title='bbox 1348 883 1493 930; x_wconf 86' lang='lat' dir='ltr'>diem.</span> 
     </span>
    </p>

    <p class='ocr_par' dir='ltr' id='par_1_10' title="bbox 221 956 1440 1018">
     <span class='ocr_line' id='line_1_11' title="bbox 221 956 1440 1018; baseline -0.002 -16"><span class='ocrx_word' id='word_1_58' title='bbox 221 956 347 1002; x_wconf 82' lang='lat' dir='ltr'>Nam</span> <span class='ocrx_word' id='word_1_59' title='bbox 374 974 450 1002; x_wconf 89' lang='lat' dir='ltr'>rus</span> <span class='ocrx_word' id='word_1_60' title='bbox 487 968 542 1002; x_wconf 89' lang='lat' dir='ltr'>ut</span> <span class='ocrx_word' id='word_1_61' title='bbox 571 957 669 1003; x_wconf 88' lang='lat' dir='ltr'>ibat</span> <span class='ocrx_word' id='word_1_62' title='bbox 695 958 843 1015; x_wconf 81' lang='lat' dir='ltr'>forte,</span> <span class='ocrx_word' id='word_1_63' title='bbox 868 969 924 1003; x_wconf 92' lang='lat' dir='ltr'>ut</span> <span class='ocrx_word' id='word_1_64' title='bbox 951 958 1164 1003; x_wconf 87' lang='lat' dir='ltr'>multum</span> <span class='ocrx_word' id='word_1_65' title='bbox 1193 957 1440 1018; x_wconf 84' lang='lat' dir='ltr'>pluverat‚</span> 
     </span>
    </p>

    <p class='ocr_par' dir='ltr' id='par_1_11' title="bbox 225 1027 1509 1094">
     <span class='ocr_line' id='line_1_12' title="bbox 225 1027 1509 1094; baseline -0.002 -18"><span class='ocrx_word' id='word_1_66' title='bbox 225 1032 459 1094; x_wconf 83' lang='lat' dir='ltr'>Ingressus</span> <span class='ocrx_word' id='word_1_67' title='bbox 470 1029 675 1076; x_wconf 91' lang='lat' dir='ltr'>fluvium</span> <span class='ocrx_word' id='word_1_68' title='bbox 693 1031 912 1092; x_wconf 86' lang='lat' dir='ltr'>rapidum</span> <span class='ocrx_word' id='word_1_69' title='bbox 930 1031 990 1077; x_wconf 90' lang='lat' dir='ltr'>ab</span> <span class='ocrx_word' id='word_1_70' title='bbox 1008 1029 1128 1076; x_wconf 81' lang='lat' dir='ltr'>urbe</span> <span class='ocrx_word' id='word_1_71' title='bbox 1148 1028 1279 1076; x_wconf 85' lang='lat' dir='ltr'>haud</span> <span class='ocrx_word' id='word_1_72' title='bbox 1291 1027 1509 1093; x_wconf 87' lang='lat' dir='ltr'>longule,</span> 
     </span>
    </p>

    <p class='ocr_par' dir='ltr' id='par_1_12' title="bbox 226 1102 1269 1166">
     <span class='ocr_line' id='line_1_13' title="bbox 226 1102 1269 1166; baseline -0.003 -15"><span class='ocrx_word' id='word_1_73' title='bbox 226 1104 437 1165; x_wconf 84' lang='lat' dir='ltr'>Rapidus</span> <span class='ocrx_word' id='word_1_74' title='bbox 464 1104 642 1165; x_wconf 86' lang='lat' dir='ltr'>raptori</span> <span class='ocrx_word' id='word_1_75' title='bbox 665 1104 803 1165; x_wconf 90' lang='lat' dir='ltr'>pueri</span> <span class='ocrx_word' id='word_1_76' title='bbox 836 1104 1068 1151; x_wconf 90' lang='lat' dir='ltr'>subduxit</span> <span class='ocrx_word' id='word_1_77' title='bbox 1097 1102 1269 1166; x_wconf 83' lang='lat' dir='ltr'>pedes,</span> 
     </span>
    </p>

    <p class='ocr_par' dir='ltr' id='par_1_13' title="bbox 230 1173 1510 1298">
     <span class='ocr_line' id='line_1_14' title="bbox 230 1173 1510 1238; baseline -0.005 -14"><span class='ocrx_word' id='word_1_78' title='bbox 230 1178 566 1238; x_wconf 83' lang='lat' dir='ltr'>Abstraxitque</span> <span class='ocrx_word' id='word_1_79' title='bbox 618 1178 868 1224; x_wconf 89' lang='lat' dir='ltr'>hominem</span> <span class='ocrx_word' id='word_1_80' title='bbox 909 1178 963 1223; x_wconf 91' lang='lat' dir='ltr'>in</span> <span class='ocrx_word' id='word_1_81' title='bbox 1009 1190 1285 1223; x_wconf 83' lang='lat' dir='ltr'>maxumam</span> <span class='ocrx_word' id='word_1_82' title='bbox 1335 1173 1510 1219; x_wconf 86' lang='lat' dir='ltr'>malam</span> 
     </span>
     <span class='ocr_line' id='line_1_15' title="bbox 481 1266 696 1298; baseline -0.014 0"><span class='ocrx_word' id='word_1_83' title='bbox 481 1266 696 1298; x_wconf 82' lang='lat' dir='ltr'>crucem..</span> 
     </span>
    </p>

    <p class='ocr_par' dir='ltr' id='par_1_14' title="bbox 232 1326 1125 1375">
     <span class='ocr_line' id='line_1_16' title="bbox 232 1326 1125 1375; baseline -0.001 -4"><span class='ocrx_word' id='word_1_84' title='bbox 232 1326 309 1371; x_wconf 87' lang='lat' dir='ltr'>Illi</span> <span class='ocrx_word' id='word_1_85' title='bbox 345 1326 535 1373; x_wconf 86' lang='lat' dir='ltr'>divitiae</span> <span class='ocrx_word' id='word_1_86' title='bbox 562 1338 826 1375; x_wconf 87' lang='lat' dir='ltr'>evenerunt</span> <span class='ocrx_word' id='word_1_87' title='bbox 857 1341 1125 1372; x_wconf 83' lang='lat' dir='ltr'>maxumae.</span> 
     </span>
    </p>

    <p class='ocr_par' dir='ltr' id='par_1_15' title="bbox 228 1397 1208 1465">
     <span class='ocr_line' id='line_1_17' title="bbox 228 1397 1208 1465; baseline -0.003 -20"><span class='ocrx_word' id='word_1_88' title='bbox 228 1400 273 1445; x_wconf 89' lang='lat' dir='ltr'>Is</span> <span class='ocrx_word' id='word_1_89' title='bbox 303 1399 397 1445; x_wconf 88' lang='lat' dir='ltr'>illic</span> <span class='ocrx_word' id='word_1_90' title='bbox 423 1401 603 1447; x_wconf 88' lang='lat' dir='ltr'>habitat</span> <span class='ocrx_word' id='word_1_91' title='bbox 634 1401 850 1465; x_wconf 84' lang='lat' dir='ltr'>geminus</span> <span class='ocrx_word' id='word_1_92' title='bbox 885 1397 1208 1459; x_wconf 89' lang='lat' dir='ltr'>subrepticius.</span> 
     </span>
    </p>

    <p class='ocr_par' dir='ltr' id='par_1_16' title="bbox 232 1468 1350 1536">
     <span class='ocr_line' id='line_1_18' title="bbox 232 1468 1350 1536; baseline -0.002 -21"><span class='ocrx_word' id='word_1_93' title='bbox 232 1470 376 1516; x_wconf 90' lang='lat' dir='ltr'>Nunc</span> <span class='ocrx_word' id='word_1_94' title='bbox 407 1472 487 1518; x_wconf 87' lang='lat' dir='ltr'>ille</span> <span class='ocrx_word' id='word_1_95' title='bbox 513 1474 756 1536; x_wconf 83' lang='lat' dir='ltr'>geminus,</span> <span class='ocrx_word' id='word_1_96' title='bbox 788 1471 874 1532; x_wconf 87' lang='lat' dir='ltr'>qui</span> <span class='ocrx_word' id='word_1_97' title='bbox 905 1469 1138 1531; x_wconf 86' lang='lat' dir='ltr'>Syracusis</span> <span class='ocrx_word' id='word_1_98' title='bbox 1174 1468 1350 1526; x_wconf 86' lang='lat' dir='ltr'>habet,</span> 
     </span>
    </p>

    <p class='ocr_par' dir='ltr' id='par_1_17' title="bbox 233 1542 1412 1607">
     <span class='ocr_line' id='line_1_19' title="bbox 233 1542 1412 1607; baseline -0.008 -14"><span class='ocrx_word' id='word_1_99' title='bbox 233 1547 396 1593; x_wconf 91' lang='lat' dir='ltr'>Hodie</span> <span class='ocrx_word' id='word_1_100' title='bbox 423 1548 475 1592; x_wconf 90' lang='lat' dir='ltr'>in</span> <span class='ocrx_word' id='word_1_101' title='bbox 504 1546 829 1607; x_wconf 87' lang='lat' dir='ltr'>Epidamnum</span> <span class='ocrx_word' id='word_1_102' title='bbox 854 1542 989 1594; x_wconf 88' lang='lat' dir='ltr'>venit</span> <span class='ocrx_word' id='word_1_103' title='bbox 1016 1557 1129 1586; x_wconf 87' lang='lat' dir='ltr'>cum</span> <span class='ocrx_word' id='word_1_104' title='bbox 1161 1555 1292 1584; x_wconf 88' lang='lat' dir='ltr'>servo</span> <span class='ocrx_word' id='word_1_105' title='bbox 1325 1555 1412 1584; x_wconf 89' lang='lat' dir='ltr'>suo</span> 
     </span>
    </p>

    <p class='ocr_par' dir='ltr' id='par_1_18' title="bbox 235 1617 1480 1682">
     <span class='ocr_line' id='line_1_20' title="bbox 235 1617 1480 1682; baseline -0.01 -15"><span class='ocrx_word' id='word_1_106' title='bbox 235 1621 382 1667; x_wconf 91' lang='lat' dir='ltr'>Hunc</span> <span class='ocrx_word' id='word_1_107' title='bbox 409 1620 726 1681; x_wconf 88' lang='lat' dir='ltr'>quaeritatum</span> <span class='ocrx_word' id='word_1_108' title='bbox 748 1617 995 1682; x_wconf 85' lang='lat' dir='ltr'>geminum</span> <span class='ocrx_word' id='word_1_109' title='bbox 1017 1628 1295 1678; x_wconf 87' lang='lat' dir='ltr'>germanum</span> <span class='ocrx_word' id='word_1_110' title='bbox 1324 1627 1480 1656; x_wconf 86' lang='lat' dir='ltr'>suum.</span> 
     </span>
    </p>

    <p class='ocr_par' dir='ltr' id='par_1_19' title="bbox 236 1684 1515 1812">
     <span class='ocr_line' id='line_1_21' title="bbox 236 1684 1515 1755; baseline -0.009 -15"><span class='ocrx_word' id='word_1_111' title='bbox 236 1694 367 1744; x_wconf 78' lang='lat' dir='ltr'>Haec</span> <span class='ocrx_word' id='word_1_112' title='bbox 389 1694 499 1740; x_wconf 91' lang='lat' dir='ltr'>urbs</span> <span class='ocrx_word' id='word_1_113' title='bbox 519 1693 810 1755; x_wconf 90' lang='lat' dir='ltr'>Epidamnus</span> <span class='ocrx_word' id='word_1_114' title='bbox 841 1702 907 1737; x_wconf 89' lang='lat' dir='ltr'>est</span> <span class='ocrx_word' id='word_1_115' title='bbox 922 1725 936 1747; x_wconf 88' lang='lat'>‚</span> <span class='ocrx_word' id='word_1_116' title='bbox 969 1689 1090 1735; x_wconf 93' lang='lat' dir='ltr'>dum</span> <span class='ocrx_word' id='word_1_117' title='bbox 1117 1688 1233 1733; x_wconf 88' lang='lat' dir='ltr'>haec</span> <span class='ocrx_word' id='word_1_118' title='bbox 1254 1685 1405 1750; x_wconf 85' lang='lat' dir='ltr'>agitur</span> <span class='ocrx_word' id='word_1_119' title='bbox 1428 1684 1515 1730; x_wconf 85' lang='lat' dir='ltr'>Fa-</span> 
     </span>
     <span class='ocr_line' id='line_1_22' title="bbox 489 1767 1338 1812; baseline -0.004 0"><span class='ocrx_word' id='word_1_120' title='bbox 489 1767 632 1812; x_wconf 71' lang='lat' dir='ltr'>bulaz</span> <span class='ocrx_word' id='word_1_121' title='bbox 1336 1770 1338 1773; x_wconf 80' lang='grc'>’</span> 
     </span>
    </p>

    <p class='ocr_par' dir='ltr' id='par_1_20' title="bbox 239 1833 1351 1909">
     <span class='ocr_line' id='line_1_23' title="bbox 239 1833 1351 1909; baseline -0.009 -22"><span class='ocrx_word' id='word_1_122' title='bbox 239 1841 452 1909; x_wconf 75' lang='lat' dir='ltr'>Quando</span> <span class='ocrx_word' id='word_1_123' title='bbox 481 1841 567 1885; x_wconf 82' lang='lat' dir='ltr'>alia</span> <span class='ocrx_word' id='word_1_124' title='bbox 600 1850 792 1903; x_wconf 83' lang='lat' dir='ltr'>agetur,</span> <span class='ocrx_word' id='word_1_125' title='bbox 823 1836 953 1883; x_wconf 90' lang='lat' dir='ltr'>aliud</span> <span class='ocrx_word' id='word_1_126' title='bbox 978 1836 1060 1882; x_wconf 91' lang='lat' dir='ltr'>fiet</span> <span class='ocrx_word' id='word_1_127' title='bbox 1091 1833 1351 1896; x_wconf 88' lang='lat' dir='ltr'>oppidum:</span> 
     </span>
    </p>

    <p class='ocr_par' dir='ltr' id='par_1_21' title="bbox 242 1906 1316 1972">
     <span class='ocr_line' id='line_1_24' title="bbox 242 1906 1316 1972; baseline -0.007 -13"><span class='ocrx_word' id='word_1_128' title='bbox 242 1913 374 1959; x_wconf 88' lang='lat' dir='ltr'>Sicut</span> <span class='ocrx_word' id='word_1_129' title='bbox 407 1911 609 1957; x_wconf 88' lang='lat' dir='ltr'>familiae</span> <span class='ocrx_word' id='word_1_130' title='bbox 645 1927 846 1972; x_wconf 90' lang='lat' dir='ltr'>quoque</span> <span class='ocrx_word' id='word_1_131' title='bbox 883 1909 1035 1955; x_wconf 88' lang='lat' dir='ltr'>solent</span> <span class='ocrx_word' id='word_1_132' title='bbox 1067 1906 1316 1953; x_wconf 82' lang='lat' dir='ltr'>mutarier:</span> 
     </span>
    </p>

    <p class='ocr_par' dir='ltr' id='par_1_22' title="bbox 239 1977 1520 2114">
     <span class='ocr_line' id='line_1_25' title="bbox 239 1977 1520 2038; baseline -0.009 -6"><span class='ocrx_word' id='word_1_133' title='bbox 239 1984 392 2032; x_wconf 89' lang='lat' dir='ltr'>Modo</span> <span class='ocrx_word' id='word_1_134' title='bbox 429 1984 557 2031; x_wconf 88' lang='lat' dir='ltr'>enim</span> <span class='ocrx_word' id='word_1_135' title='bbox 594 1983 724 2028; x_wconf 88' lang='lat' dir='ltr'>idem</span> <span class='ocrx_word' id='word_1_136' title='bbox 760 1982 814 2028; x_wconf 92' lang='lat' dir='ltr'>fit</span> <span class='ocrx_word' id='word_1_137' title='bbox 842 1982 982 2038; x_wconf 88' lang='lat' dir='ltr'>leno,</span> <span class='ocrx_word' id='word_1_138' title='bbox 1028 1978 1179 2026; x_wconf 91' lang='lat' dir='ltr'>modo</span> <span class='ocrx_word' id='word_1_139' title='bbox 1214 1977 1520 2035; x_wconf 85' lang='lat' dir='ltr'>adulescens,</span> 
     </span>
     <span class='ocr_line' id='line_1_26' title="bbox 491 2056 833 2114; baseline -0.006 -10"><span class='ocrx_word' id='word_1_140' title='bbox 491 2056 642 2104; x_wconf 89' lang='lat' dir='ltr'>modo</span> <span class='ocrx_word' id='word_1_141' title='bbox 664 2073 833 2114; x_wconf 82' lang='lat' dir='ltr'>senex,</span> 
     </span>
    </p>

    <p class='ocr_par' dir='ltr' id='par_1_23' title="bbox 242 2124 1386 2194">
     <span class='ocr_line' id='line_1_27' title="bbox 242 2124 1386 2194; baseline -0.007 -17"><span class='ocrx_word' id='word_1_142' title='bbox 242 2132 456 2194; x_wconf 83' lang='lat' dir='ltr'>Pauper,</span> <span class='ocrx_word' id='word_1_143' title='bbox 481 2128 729 2176; x_wconf 88' lang='lat' dir='ltr'>mendicus</span> <span class='ocrx_word' id='word_1_144' title='bbox 744 2162 759 2187; x_wconf 83' lang='lat'>‚</span> <span class='ocrx_word' id='word_1_145' title='bbox 785 2144 868 2174; x_wconf 86' lang='lat' dir='ltr'>rex</span> <span class='ocrx_word' id='word_1_146' title='bbox 883 2162 897 2186; x_wconf 90' lang='grc'>,</span> <span class='ocrx_word' id='word_1_147' title='bbox 925 2126 1174 2190; x_wconf 78' lang='lat' dir='ltr'>parasitus,</span> <span class='ocrx_word' id='word_1_148' title='bbox 1203 2124 1386 2171; x_wconf 88' lang='lat' dir='ltr'>ariolus.</span> 
     </span>
    </p>
   </div>
  </div>
 </body>
</html>
