1618 2866
68 190 158 225 ια
354 172 645 222 ACTUS
698 172 1101 221 III.SC.II.
1256 177 1342 224 181

67 280 347 344 Lepideque
383 282 714 327 concinnatam
747 280 944 326 referam
977 281 1221 343 tempori?
1275 333 1287 341 x

67 354 180 400 Non
203 354 313 400 faxo
346 370 448 399 eam
481 370 574 399 esse
605 353 752 399 dices:
791 354 856 398 ita
885 353 1189 417 ignorabitur.

421 439 450 472 P
484 440 515 472 E
550 440 583 471 N
618 440 639 472 1
676 439 703 471 c
738 438 773 470 U
810 439 840 471 1.
877 439 911 471 U
948 438 986 472 s.

66 499 243 546 Pallam
271 499 332 546 ad
353 500 670 564 phrygionem
692 499 809 557 fert,
834 499 1054 546 confecto
1079 500 1308 561 prandio,

64 570 294 632 Vinoque
323 581 501 632 expoto
517 604 534 626 ,
563 570 760 631 parasito
787 571 979 616 excluso
1012 569 1144 615 foras.

65 642 180 688 Non
197 643 352 689 hercle
372 642 407 687 is
423 657 555 697 sum,
575 640 661 700 qui
684 656 790 685 sum
803 673 817 697 ,
844 641 933 686 nisi
952 641 1073 687 hanc
1091 641 1308 706 injuriam
1322 677 1338 699 ,

63 714 244 775 Meque
276 714 404 760 ultus
442 713 640 775 pulchre
679 711 828 758 fuero.
876 712 1135 759 observabo
1155 747 1170 771 ,
1214 713 1335 774 quid

313 797 447 850 agat,

17 902 20 905 Δ
62 859 339 906 Hominem.
362 870 472 920 post
503 859 647 906 adibo
678 870 826 921 atque
852 862 1079 922 alloquar.

354 946 396 983 Μ
433 945 463 977 Ε
498 945 531 977 Ν
568 945 602 976 A
636 945 667 977 Ε
704 944 732 976 c
769 945 803 977 Η
839 945 880 977 Μ
918 945 952 978 U
990 945 1028 979 s.

60 1003 152 1050 Pro
179 1003 262 1050 Dii
285 1003 579 1060 inmortales,
609 1004 727 1064 quoi
754 1004 943 1050 homini
971 1021 1209 1066 umquam
1232 1023 1333 1053 uno

313 1076 390 1122 die

61 1147 184 1193 Boni
215 1147 403 1194 dedistis
429 1149 564 1209 pluS‚
602 1149 687 1210 qui
712 1149 869 1195 minus
898 1153 1170 1211 speraverit!

61 1219 259 1278 Prandi,
294 1220 486 1282 potavi,
519 1232 726 1268 scortum
750 1222 977 1280 accubui,
1006 1225 1178 1270 abstuli

62 1294 228 1353 Hanc,
263 1293 435 1355 quoius
468 1293 598 1339 heres
630 1309 900 1354 numquam
940 1294 1026 1340 erit
1061 1307 1171 1357 post
1200 1297 1331 1344 hunc

318 1366 459 1413 diem.

410 1451 439 1484 1¹
474 1452 507 1484 E
538 1452 572 1485 N
607 1452 628 1484 1
663 1451 690 1484 C
727 1451 763 1484 U
800 1452 830 1485 L
869 1453 904 1486 U
942 1453 980 1487 S.

58 1513 288 1574 Nequeo,
316 1527 438 1572 quae
463 1512 705 1572 loquitur,
736 1513 958 1558 exaudire
986 1514 1256 1576 clanculum
1273 1534 1286 1561 z

60 1583 195 1632 Satur
221 1601 351 1632 nunc
373 1585 590 1645 loquitur
618 1584 677 1630 de
704 1602 783 1630 me
815 1597 862 1630 et
899 1586 959 1631 de
983 1587 1104 1647 parti
1131 1603 1250 1632 mea.

346 1678 389 1710 M
424 1678 461 1710 Ε
487 1679 522 1710 Ν
558 1676 593 1708 Α
628 1677 658 1709 Ε
694 1677 720 1708 c
757 1677 791 1710 Η
829 1678 871 1710 Μ
907 1676 942 1709 U
980 1677 1017 1710 s.

62 1735 143 1783 Ait
171 1738 292 1783 hanc
315 1736 492 1782 dedisse
515 1752 594 1781 me
627 1735 745 1792 sibi,
776 1748 922 1797 atque
949 1753 1054 1782 eam
1086 1748 1220 1783 meae

57 1808 204 1865 Uxori
229 1809 524 1870 subripuisse.
553 1808 784 1868 quoniam
805 1809 957 1854 sentio

57 1875 243 1937 Errare,
274 1880 516 1940 extemplo
533 1913 547 1936 ‚
577 1879 710 1939 quasi
738 1896 807 1925 res
835 1897 948 1926 cum
975 1896 1027 1925 ea
1053 1891 1169 1926 esset
1187 1882 1330 1939 mihi,

61 1951 210 2013 Coepi
238 1953 462 1999 assentari.
493 1953 662 1998 mulier
696 1953 938 2013 quidquid
973 1953 1181 2011 dixerat,

60 2021 197 2068 Idem
214 2040 300 2087 ego
326 2025 553 2070 dicebam.
587 2023 707 2084 quid
731 2025 893 2070 multis
915 2025 1069 2071 verbis
1098 2042 1198 2086 opu
1209 2027 1296 2071 ’sti¹

61 2092 246 2139 Minore
270 2112 507 2158 nusquam
532 2097 656 2143 bene
686 2096 757 2142 fui
789 2097 1051 2159 dispendio.

408 2188 436 2220 P
472 2189 503 2221 Ε
537 2190 571 2222 N
607 2189 627 2221 1
666 2190 711 2241 c(
732 2188 766 2220 U
803 2189 832 2221 1.
870 2189 904 2220 U
942 2189 980 2222 s.

61 2242 220 2288 Adibo
250 2244 310 2289 ad
330 2246 597 2294 hominem:
636 2265 746 2294 nam
771 2250 959 2295 turbare
985 2251 1145 2314 gestio.

349 2328 392 2361 M
424 2330 454 2362 Β
487 2332 521 2363 Ν
555 2331 591 2363 A
625 2333 657 2364 E
694 2333 722 2364 c
759 2333 792 2364 Η
829 2333 871 2366 Μ
907 2333 941 2365 U
979 2333 1016 2365 s.

64 2385 184 2454 Quis
210 2386 286 2432 hic
315 2397 407 2444 est,
442 2389 529 2448 qui
556 2390 808 2439 advorsum
839 2393 893 2438 fit
922 2392 1074 2438 mihi?

1032 2463 1086 2508 M
1106 2478 1130 2521 3

815 2568 828 2591 Ι
