1618 2866
223 155 319 216 604
685 160 1021 208 PERSA.
1411 183 1504 228 v.9

219 265 356 310 Tene
391 268 444 313 sis
476 277 755 334 argentum:
800 270 942 316 etiam
977 281 1032 316 tu
1065 283 1313 336 argentum
1343 276 1506 330 tenes?

219 336 415 383 Possum
442 350 490 385 te
511 340 686 396 facere,
719 351 775 386 ut
798 352 1046 403 argentum
1068 343 1290 404 accipias,
1317 346 1505 392 lutum?

222 409 327 478 Qui
350 411 438 458 nisi
459 414 622 477 jurato
653 413 773 459 mihi
800 414 920 460 nihil
948 431 1082 460 ausus
1111 415 1332 478 credere„

613 513 1146 548 DORDALUS.

216 577 332 624 Sine
366 582 590 642 respirare
621 599 699 628 me
721 617 735 639 ,
772 583 861 628 tibi
897 593 951 628 ut
980 584 1307 644 respondeam.

219 650 306 697 Vir
333 669 518 700 summe
546 656 744 717 populi,
771 656 1010 701 stabulum
1046 657 1359 720 servitricium
1378 691 1392 714 ,

221 721 504 773 Scortorum
534 729 758 776 liberator
778 763 791 785 ,
820 729 1092 774 subiculum
1115 729 1246 793 flagri
1262 765 1276 787 ,

223 797 532 860 Conpedium
563 802 701 847 tritor
720 836 734 858 ,
765 801 1074 862 pistrinorum
1098 802 1254 847 civitas
1269 836 1283 859 ‚

219 867 581 930 Perenniserve,
609 874 739 925 lurco
756 909 771 931 ,
802 874 922 919 edax
937 909 950 931 ,
985 874 1124 919 furax
1143 909 1156 931 ,
1187 874 1330 938 fugax
1345 910 1359 932 ,

220 943 356 990 Cedo
381 946 435 992 sis
456 947 572 993 mihi
596 958 869 1011 argentum:
899 947 960 992 da
984 947 1101 993 mihi
1127 958 1405 1010 argentum,
1431 948 1505 994 in-

472 1018 687 1079 pudens:

218 1084 415 1133 Possum
446 1106 471 1134 a
499 1101 546 1135 te
588 1091 773 1154 exigere
805 1091 1090 1155 argentum?
1120 1101 1395 1155 argentum,
1432 1091 1505 1136 in·-

473 1179 654 1223 quam,
691 1164 828 1209 cedo.

223 1233 363 1301 Quin
391 1247 446 1281 tu
470 1236 539 1282 mi
571 1248 820 1301 argentum
846 1237 1029 1294 reddis,
1057 1238 1187 1283 nilne
1214 1249 1261 1283 te
1283 1236 1471 1298 pudet?

217 1305 355 1352 Leno
385 1319 433 1353 te
461 1320 708 1372 argentum
741 1310 894 1370 poscit
910 1345 923 1366 ,
948 1310 1098 1356 solida
1123 1310 1345 1366 servituS‚

217 1378 312 1424 Pro
338 1380 582 1426 liberanda
612 1382 759 1427 amica
777 1415 790 1437 ‚
818 1392 874 1426 ut
905 1397 1069 1427 omnes
1099 1381 1308 1427 audiant.

641 1475 672 1508 T
711 1476 743 1507 O
782 1475 818 1508 X
854 1475 874 1507 I
911 1476 941 1508 L
979 1475 1014 1508 U
1050 1471 1084 1508 S.

218 1544 342 1591 Tace
373 1545 565 1591 obsecro
591 1546 770 1592 hercle:
803 1562 891 1592 nae
915 1557 997 1592 tua
1026 1561 1124 1591 vox
1141 1543 1295 1591 valide
1318 1546 1463 1590 valet!
1522 1606 1526 1609 ἡ

609 1645 1146 1680 DORDALUS.

219 1713 519 1760 Referundae
550 1732 635 1779 ego
671 1714 823 1761 habeo
855 1715 1067 1779 linguam
1097 1726 1257 1760 natam
1287 1715 1469 1779 gratiae.

216 1786 402 1832 Eodem
431 1787 549 1831 mihi
578 1787 732 1847 pretio
758 1788 819 1835 §al
846 1787 1182 1848 praehibetur,
1222 1803 1322 1847 quo
1354 1787 1455 1832 tibi.

218 1859 314 1905 Nisi
332 1877 412 1905 me
429 1860 542 1907 haec
562 1860 814 1918 defendet„
838 1877 1104 1921 numquam
1123 1860 1335 1923 delinget
1347 1861 1500 1906 salem.

638 1955 668 1988 T
706 1956 737 1988 O
773 1955 810 1988 X
846 1956 866 1987 Ι
902 1955 932 1987 L
968 1954 1002 1986 U
1040 1954 1075 1986 S.

213 2023 320 2081 Jam
359 2025 531 2070 omitto
560 2023 703 2068 iratus
736 2038 841 2067 esse.
870 2021 922 2066 id
957 2021 1045 2066 tibi
1082 2021 1351 2079 succensui,

219 2097 347 2165 Quia
380 2109 426 2142 te
454 2097 653 2161 negabas
685 2096 871 2142 credere
904 2105 1150 2158 argentum
1175 2094 1306 2139 mihi.

608 2193 642 2224 D
683 2191 714 2224 O
751 2192 784 2223 R
818 2190 853 2222 D
893 2188 928 2221 A.
964 2189 995 2221 1.
1031 2187 1067 2220 U
1103 2187 1141 2220 S.

214 2261 422 2318 Mirum,
446 2262 564 2322 quin
592 2261 681 2307 tibi
703 2277 789 2323 ego
819 2258 1086 2313 crederem,
1111 2267 1164 2302 ut
1181 2256 1312 2302 idem
1335 2256 1455 2314 mihi

215 2333 402 2380 Faceres
418 2369 432 2390 ,
464 2333 599 2394 quod
626 2333 798 2395 partim
824 2331 1002 2377 faciunt
1037 2330 1306 2392 argentarii:

212 2405 307 2451 Ubi
333 2405 453 2466 quid
483 2404 756 2461 credideris,
782 2402 915 2448 citius
950 2402 1192 2462 extemplo
1219 2418 1244 2446 a
1264 2400 1366 2445 foro
