1618 2866
228 179 325 238 506
453 173 1247 226 MOSTELLARIA.
1379 192 1504 237 v.77

227 286 405 335 Vivom
433 305 511 334 me
540 298 774 334 arcessunt
800 288 861 335 ad
884 287 1208 335 Acheruntem
1233 290 1425 336 mortui·

679 380 711 413 Τ
747 381 780 413 R
814 380 850 413 A
885 381 918 413 N
955 380 976 412 1
1015 380 1066 413 o.

222 439 373 487 Perii!
406 439 548 485 illisce
575 441 720 487 hodie
746 441 867 487 hanc
886 440 1246 488 conturbabunt
1276 439 1502 488 fabulam.

223 510 376 558 Nimis
402 529 548 574 quam
572 512 809 573 formido,
839 531 901 560 ne
929 514 1178 562 manifesto
1209 514 1286 561 hic
1312 529 1391 559 me
1419 529 1502 575 op-

481 587 667 648 primat.
1282 586 1286 588 ’

517 672 1229 707 THEUROPIDES.

224 731 363 801 Quid
392 743 497 780 tute
531 744 694 781 tecum
722 734 958 795 loquere?

674 820 706 852 T
742 821 776 854 R
811 820 846 853 A
882 821 915 854 N
953 821 973 853 1
1011 820 1061 853 ο.

967 879 1180 927 Abscede
1215 880 1274 925 ab
1303 881 1473 945 janua*

224 941 354 1008 Fuge
371 978 385 1002 ,
418 944 613 991 obsecro
640 945 820 992 hercle!

519 1026 1236 1064 THEUROPIDES.

711 1090 830 1159 Quo
856 1087 1069 1153 fugiam?
1101 1086 1243 1133 etiam
1271 1098 1327 1133 tu
1354 1085 1511 1152 fugis?

683 1178 714 1211 Τ
751 1179 784 1212 R
821 1176 856 1209 A
891 1177 924 1209 N
961 1176 982 1209 1
1019 1176 1066 1209 ο.

228 1234 309 1281 Nil
343 1252 430 1301 ego
458 1236 694 1284 formido:
728 1253 824 1299 pax
849 1237 969 1283 mihi
996 1246 1064 1282 est
1096 1252 1209 1282 cum
1242 1236 1455 1283 mortuis.
1511 1253 1514 1255 ·

521 1327 1240 1363 THEUROPIDES.

225 1390 389 1449 Hem,
423 1391 629 1437 Tranio!

679 1475 711 1510 Τ
746 1477 780 1509 R
815 1475 850 1509 A
885 1476 919 1509 N
954 1476 974 1508 I
1011 1477 1060 1509 O.

624 1536 737 1584 Non
769 1553 848 1582 me
879 1536 1164 1598 appellabis,
1194 1536 1229 1580 si
1262 1535 1391 1596 sapis.

229 1611 311 1657 Nil
342 1627 430 1677 ego
460 1613 735 1670 conmerui,
767 1629 928 1674 neque
957 1612 1060 1658 istas
1093 1610 1296 1673 percussi
1320 1609 1444 1655 foris.

514 1682 1245 1742 ‘THEUROPIDES

233 1768 428 1836 Quaeso
449 1769 570 1829 quid
588 1786 721 1832 aegre
733 1769 820 1815 ’st?
837 1785 961 1829 quae
977 1784 1046 1814 res
1066 1778 1113 1813 te
1132 1767 1291 1833 agitat,
1305 1765 1510 1816 Tranio?

234 1841 450 1910 Quicum
477 1842 614 1887 istaec
644 1841 880 1902 loquere?

684 1927 715 1959 T
751 1929 784 1960 R
821 1926 856 1959 A
891 1927 925 1959 N
961 1926 981 1958 1
1020 1925 1068 1958 ο.

773 1985 851 2032 An
879 2001 1055 2047 quaeso
1084 1995 1138 2029 tu
1166 1983 1477 2044 appellaveras
1493 1982 1516 2028 ?

236 2062 310 2107 Ita
336 2077 415 2107 me
444 2061 525 2107 Dii
553 2061 810 2117 amabunt,
843 2069 1093 2105 mortuum
1128 2054 1265 2102 illum
1298 2055 1477 2102 credidi

235 2133 546 2192 Expostulare
560 2169 573 2191 ,
603 2133 716 2195 quia
728 2128 731 2130 ’
744 2130 1034 2193 percussisses
1066 2128 1187 2174 foris.

237 2203 332 2250 Sed
362 2216 417 2250 tu
448 2207 653 2252 etiamne
682 2215 822 2262 astas,
856 2220 970 2260 nec,
1003 2219 1126 2264 quae
1159 2201 1298 2259 dico,
1331 2200 1520 2248 obtem-

491 2295 622 2340 peras
639 2279 660 2324 ?

535 2360 1245 2398 THEUROPIDES.

245 2421 611 2492 Quidfaciam?
