1618 2866
269 203 359 237 212
532 151 1260 238 MENAECHMEI.
1377 207 1541 242 v.1oo

561 305 1241 342 MENAECHMus.

264 365 410 412 Haud
436 367 559 411 male
596 366 734 412 illanc
769 367 940 414 amovi.
973 382 1105 413 nunc
1138 368 1268 416 hunc
1289 369 1542 431 inpurissu-

513 455 652 485 mum
668 473 682 496 ‚

264 511 551 568 Barbatum,
592 511 856 556 tremulum
876 545 890 568 ‚
924 511 1190 570 Titanum,
1231 513 1398 579 Cygno
1431 531 1541 577 pro-

522 594 720 647 gnatum
752 594 895 646 patre.

260 659 332 704 Ita
359 657 480 703 mihi
510 657 709 717 imperas
730 690 743 712 ,
772 666 828 700 ut
859 671 947 718 ego
970 657 1111 721 hujus
1131 659 1368 716 membra,
1395 670 1539 721 atque

518 746 642 784 ossa,
673 739 819 789 atque
844 741 976 775 artua
1290 734 1292 736 ’

259 805 586 853 Conminuam
614 803 696 848 illo
726 795 961 864 scipione,
990 821 1139 865 quem
1165 806 1262 868 ipse
1289 808 1448 855 habet.

736 895 758 928 s
795 896 825 928 Ε
862 896 896 928 N
932 896 961 928 Ε
997 897 1048 929 Χ.

1083 949 1288 997 Dabitur
1322 953 1503 998 malum
1520 986 1536 1010 ,

228 1031 230 1033 ’
255 1025 337 1072 Me
365 1021 564 1085 quidem
591 1022 625 1066 si
645 1021 877 1085 attigeris,
908 1032 989 1068 aut
1015 1023 1051 1068 si
1066 1024 1260 1085 propius
1283 1025 1343 1070 ad
1363 1042 1442 1071 me
1461 1042 1533 1072 ac-

511 1095 703 1142 cesseris.

554 1181 596 1213 M
632 1180 661 1211 E
699 1179 732 1211 N
768 1178 802 1210 A
837 1179 867 1211 E
906 1181 932 1212 c
972 1180 1005 1212 Η
1042 1180 1083 1212 Μ
1120 1181 1154 1215 U
1192 1180 1230 1214 s.

253 1242 438 1288 Faciam
468 1240 605 1302 quod
622 1239 788 1303 jubes;
819 1241 1019 1286 securim
1036 1242 1230 1303 *capiam
1247 1242 1531 1305 ancipitem,

505 1325 650 1372 atque
674 1313 805 1358 hunc
832 1330 993 1360 senem
1241 1357 1243 1363 ,

252 1388 517 1444 Exossabo‚
546 1385 657 1430 dein
687 1386 926 1433 dedolabo
960 1391 1192 1437 assulatim
1214 1392 1397 1438 viscera.

728 1480 750 1514 s
790 1481 819 1512 E
857 1482 888 1514 N
926 1483 955 1514 E
995 1483 1045 1516 Χ.

249 1541 525 1592 Enimvero„
553 1538 674 1585 illud
709 1540 1087 1600 praecavendum
1105 1542 1184 1599 ’st,
1214 1552 1359 1603 atque
1389 1558 1525 1589 accu-

500 1612 704 1657 sandum
734 1612 875 1657 mihi:
1487 1669 1492 1675 ι

247 1686 369 1734 Sane
387 1702 474 1750 ego
494 1685 631 1730 illum
655 1694 821 1729 metuo
836 1717 848 1740 ,
873 1695 927 1730 ut
948 1684 1179 1742 minatur,
1204 1700 1266 1730 ne
1284 1685 1404 1746 quid
1426 1703 1523 1734 ma-

497 1754 659 1800 lefaxit
687 1753 819 1798 mihi.

486 1836 1210 1873 »MENAECHMus

246 1901 401 1948 Multa
430 1897 550 1944 mihi
586 1898 812 1956 imperas,
848 1895 1048 1956 Apollo:
1082 1915 1212 1946 nunc
1243 1916 1391 1961 equos
1407 1903 1520 1966 jun-
1572 1900 1578 1906 ’

497 1982 593 2016 ctos
613 1970 753 2034 jubes

243 2048 420 2110 Capere
454 2062 531 2091 me
566 2045 824 2090 indomitos
843 2077 857 2100 ,
892 2042 1091 2090 feroces:
1136 2056 1283 2107 atque
1323 2049 1373 2094 in
1410 2062 1540 2096 curs

491 2136 600 2166 rum
630 2118 900 2165 inscendere
917 2153 931 2176 ,

240 2195 306 2241 Ut
337 2210 424 2258 ego
451 2194 580 2238 hunc
605 2203 842 2253 proteram
873 2193 1064 2237 leonem
1093 2193 1352 2254 Getulum,
1385 2199 1514 2244 olen-

491 2279 618 2322 tem,
653 2266 948 2312 edentulum.
1165 2312 1168 2315 ,
1266 2310 1270 2312 ,
1396 2308 1401 2312 ,

236 2340 343 2400 Jam
370 2338 563 2386 adstiti
551 2354 602 2382 1n
630 2354 843 2383 currum:
869 2339 969 2400 jam
987 2339 1085 2385 lora
1109 2351 1277 2387 teneo:
1305 2342 1406 2406 jam
1431 2341 1509 2388 sti-

487 2411 677 2457 mulum
704 2410 753 2456 in
776 2426 923 2456 manu
952 2421 1030 2456 est.
