<?xml version="1.0" encoding="UTF-8"?>
<!DOCTYPE html PUBLIC "-//W3C//DTD XHTML 1.0 Transitional//EN"
    "http://www.w3.org/TR/xhtml1/DTD/xhtml1-transitional.dtd">
<html xmlns="http://www.w3.org/1999/xhtml" xml:lang="en" lang="en">
 <head>
  <title>
</title>
<meta http-equiv="Content-Type" content="text/html;charset=utf-8" />
  <meta name='ocr-system' content='tesseract 3.04.00' />
  <meta name='ocr-capabilities' content='ocr_page ocr_carea ocr_par ocr_line ocrx_word'/>
</head>
<body>
  <div class='ocr_page' id='page_1' title='image "./comoediaesuperst02plauuoft_0565.png"; bbox 0 0 1618 2866; ppageno 0'>
   <div class='ocr_carea' id='block_1_1' title="bbox 77 167 1353 337">
    <p class='ocr_par' dir='ltr' id='par_1_1' title="bbox 77 167 1353 337">
     <span class='ocr_line' id='line_1_1' title="bbox 77 167 1352 232; baseline -0.002 -12"><span class='ocrx_word' id='word_1_1' title='bbox 77 185 206 220; x_wconf 57' lang='lat' dir='ltr'>mn·</span> <span class='ocrx_word' id='word_1_2' title='bbox 388 167 675 225; x_wconf 71' lang='lat' dir='ltr'>AcfrUS</span> <span class='ocrx_word' id='word_1_3' title='bbox 728 168 787 217; x_wconf 92' lang='lat' dir='ltr'>V.</span> <span class='ocrx_word' id='word_1_4' title='bbox 842 167 948 217; x_wconf 88' lang='lat' dir='ltr'>SC.</span> <span class='ocrx_word' id='word_1_5' title='bbox 998 170 1081 217; x_wconf 90' lang='lat'>11.</span> <span class='ocrx_word' id='word_1_6' title='bbox 1256 183 1352 232; x_wconf 78' lang='lat'>557</span> 
     </span>
     <span class='ocr_line' id='line_1_2' title="bbox 77 235 1353 337; baseline 0 -17"><span class='ocrx_word' id='word_1_7' title='bbox 77 235 369 320; x_wconf 63' lang='lat' dir='ltr'>i&#39;hilolaches</span> <span class='ocrx_word' id='word_1_8' title='bbox 399 273 577 320; x_wconf 84' lang='lat' dir='ltr'>venisse</span> <span class='ocrx_word' id='word_1_9' title='bbox 602 272 720 318; x_wconf 82' lang='lat' dir='ltr'>mihi</span> <span class='ocrx_word' id='word_1_10' title='bbox 753 288 894 318; x_wconf 89' lang='lat' dir='ltr'><strong>suum</strong></span> <span class='ocrx_word' id='word_1_11' title='bbox 926 287 1117 337; x_wconf 83' lang='lat' dir='ltr'>peregre</span> <span class='ocrx_word' id='word_1_12' title='bbox 1146 271 1241 320; x_wconf 91' lang='lat' dir='ltr'>huc</span> <span class='ocrx_word' id='word_1_13' title='bbox 1267 291 1353 335; x_wconf 81' lang='lat' dir='ltr'>pa·-</span> 
     </span>
    </p>
   </div>
   <div class='ocr_carea' id='block_1_2' title="bbox 44 359 1355 2100">
    <p class='ocr_par' dir='ltr' id='par_1_2' title="bbox 44 359 1355 2100">
     <span class='ocr_line' id='line_1_3' title="bbox 331 359 479 404; baseline 0 -12"><span class='ocrx_word' id='word_1_14' title='bbox 331 359 479 404; x_wconf 88' lang='lat' dir='ltr'>trem,</span> 
     </span>
     <span class='ocr_line' id='line_1_4' title="bbox 44 417 1352 492; baseline -0.002 -25"><span class='ocrx_word' id='word_1_15' title='bbox 44 439 52 445; x_wconf 94' lang='lat'><em>·</em></span> <span class='ocrx_word' id='word_1_16' title='bbox 77 421 291 492; x_wconf 72' lang='lat' dir='ltr'>Quoque</span> <span class='ocrx_word' id='word_1_17' title='bbox 313 419 462 466; x_wconf 87' lang='lat' dir='ltr'>modo</span> <span class='ocrx_word' id='word_1_18' title='bbox 487 417 732 464; x_wconf 87' lang='lat' dir='ltr'>hominem</span> <span class='ocrx_word' id='word_1_19' title='bbox 754 417 1088 465; x_wconf 85' lang='lat' dir='ltr'>advenientem</span> <span class='ocrx_word' id='word_1_20' title='bbox 1104 435 1259 466; x_wconf 87' lang='lat' dir='ltr'>servos</span> <span class='ocrx_word' id='word_1_21' title='bbox 1276 419 1352 465; x_wconf 67' lang='lat' dir='ltr'>lu&lt;</span> 
     </span>
     <span class='ocr_line' id='line_1_5' title="bbox 331 491 678 548; baseline -0.014 -7"><span class='ocrx_word' id='word_1_22' title='bbox 331 494 542 540; x_wconf 82' lang='lat' dir='ltr'>dificatus</span> <span class='ocrx_word' id='word_1_23' title='bbox 562 491 647 537; x_wconf 88' lang='lat' dir='ltr'>siet</span> <span class='ocrx_word' id='word_1_24' title='bbox 663 526 678 548; x_wconf 91' lang='lat'>‚</span> 
     </span>
     <span class='ocr_line' id='line_1_6' title="bbox 77 563 1351 624; baseline 0 -11"><span class='ocrx_word' id='word_1_25' title='bbox 77 566 178 614; x_wconf 81' lang='lat' dir='ltr'>Ait:</span> <span class='ocrx_word' id='word_1_26' title='bbox 197 579 291 613; x_wconf 72' lang='lat' dir='ltr'>sese</span> <span class='ocrx_word' id='word_1_27' title='bbox 317 577 531 612; x_wconf 81' lang='lat' dir='ltr'>metuere</span> <span class='ocrx_word' id='word_1_28' title='bbox 558 563 609 609; x_wconf 86' lang='lat' dir='ltr'>in</span> <span class='ocrx_word' id='word_1_29' title='bbox 630 573 940 624; x_wconf 82' lang='lat' dir='ltr'>conspectum</span> <span class='ocrx_word' id='word_1_30' title='bbox 963 564 1087 611; x_wconf 85' lang='lat' dir='ltr'>illius</span> <span class='ocrx_word' id='word_1_31' title='bbox 1111 565 1351 613; x_wconf 88' lang='lat' dir='ltr'>occedere.</span> 
     </span>
     <span class='ocr_line' id='line_1_7' title="bbox 77 636 1355 703; baseline 0 -18"><span class='ocrx_word' id='word_1_32' title='bbox 77 640 219 685; x_wconf 89' lang='lat' dir='ltr'><strong>Nunc</strong></span> <span class='ocrx_word' id='word_1_33' title='bbox 252 655 339 703; x_wconf 88' lang='lat' dir='ltr'>ego</span> <span class='ocrx_word' id='word_1_34' title='bbox 370 638 429 684; x_wconf 93' lang='lat' dir='ltr'>de</span> <span class='ocrx_word' id='word_1_35' title='bbox 454 636 696 683; x_wconf 78' lang='lat' dir='ltr'>sodalitate</span> <span class='ocrx_word' id='word_1_36' title='bbox 724 636 849 681; x_wconf 84' lang='lat' dir='ltr'>solus</span> <span class='ocrx_word' id='word_1_37' title='bbox 875 652 981 682; x_wconf 88' lang='lat' dir='ltr'>sum</span> <span class='ocrx_word' id='word_1_38' title='bbox 1009 648 1164 683; x_wconf 86' lang='lat' dir='ltr'>orator</span> <span class='ocrx_word' id='word_1_39' title='bbox 1190 637 1355 696; x_wconf 83' lang='lat' dir='ltr'><strong>datus,</strong></span> 
     </span>
     <span class='ocr_line' id='line_1_8' title="bbox 78 709 1353 782; baseline -0.001 -23"><span class='ocrx_word' id='word_1_40' title='bbox 78 713 181 782; x_wconf 74' lang='lat' dir='ltr'>Qui</span> <span class='ocrx_word' id='word_1_41' title='bbox 209 730 237 759; x_wconf 86' lang='lat' dir='ltr'>a</span> <span class='ocrx_word' id='word_1_42' title='bbox 264 723 396 774; x_wconf 86' lang='lat' dir='ltr'>patre</span> <span class='ocrx_word' id='word_1_43' title='bbox 426 712 523 774; x_wconf 82' lang='lat' dir='ltr'>ejus</span> <span class='ocrx_word' id='word_1_44' title='bbox 554 709 852 756; x_wconf 80' lang='lat' dir='ltr'>conciliarem</span> <span class='ocrx_word' id='word_1_45' title='bbox 883 725 1064 770; x_wconf 82' lang='lat' dir='ltr'><strong>pacem.</strong></span> <span class='ocrx_word' id='word_1_46' title='bbox 1097 723 1243 772; x_wconf 84' lang='lat' dir='ltr'>atque</span> <span class='ocrx_word' id='word_1_47' title='bbox 1277 728 1353 758; x_wconf 86' lang='lat' dir='ltr'>ec-</span> 
     </span>
     <span class='ocr_line' id='line_1_9' title="bbox 332 795 688 846; baseline -0.006 -15"><span class='ocrx_word' id='word_1_48' title='bbox 332 801 446 831; x_wconf 88' lang='lat' dir='ltr'>cum</span> <span class='ocrx_word' id='word_1_49' title='bbox 476 795 688 846; x_wconf 87' lang='lat' dir='ltr'>optume.</span> 
     </span>
     <span class='ocr_line' id='line_1_10' title="bbox 70 857 1352 919; baseline 0 -14"><span class='ocrx_word' id='word_1_50' title='bbox 70 858 229 919; x_wconf 89' lang='lat' dir='ltr'>Jubeo</span> <span class='ocrx_word' id='word_1_51' title='bbox 249 869 297 904; x_wconf 92' lang='lat' dir='ltr'>te</span> <span class='ocrx_word' id='word_1_52' title='bbox 316 859 510 904; x_wconf 86' lang='lat' dir='ltr'>salvere·</span> <span class='ocrx_word' id='word_1_53' title='bbox 541 869 589 903; x_wconf 90' lang='lat' dir='ltr'>et</span> <span class='ocrx_word' id='word_1_54' title='bbox 609 858 755 904; x_wconf 86' lang='lat' dir='ltr'>salvos</span> <span class='ocrx_word' id='word_1_55' title='bbox 772 874 938 919; x_wconf 89' lang='lat' dir='ltr'>quom</span> <span class='ocrx_word' id='word_1_56' title='bbox 950 857 1169 917; x_wconf 83' lang='lat' dir='ltr'>advenis,</span> <span class='ocrx_word' id='word_1_57' title='bbox 1192 859 1352 905; x_wconf 80' lang='lat' dir='ltr'>Tbeu-</span> 
     </span>
     <span class='ocr_line' id='line_1_11' title="bbox 293 930 543 991; baseline -0.009 -14.685"><span class='ocrx_word' id='word_1_58' title='bbox 293 930 512 991; x_wconf 87' lang='lat' dir='ltr'>ropides</span> <span class='ocrx_word' id='word_1_59' title='bbox 529 964 543 987; x_wconf 92' lang='lat'><strong>,</strong></span> 
     </span>
     <span class='ocr_line' id='line_1_12' title="bbox 75 997 1275 1067; baseline 0.002 -19"><span class='ocrx_word' id='word_1_60' title='bbox 75 997 297 1067; x_wconf 87' lang='lat' dir='ltr'>Peregre,</span> <span class='ocrx_word' id='word_1_61' title='bbox 329 1003 525 1066; x_wconf 88' lang='lat' dir='ltr'>gaudeo.</span> <span class='ocrx_word' id='word_1_62' title='bbox 554 1002 631 1047; x_wconf 89' lang='lat' dir='ltr'>hic</span> <span class='ocrx_word' id='word_1_63' title='bbox 659 1000 789 1062; x_wconf 86' lang='lat' dir='ltr'>apud</span> <span class='ocrx_word' id='word_1_64' title='bbox 818 1016 904 1047; x_wconf 87' lang='lat' dir='ltr'>nos</span> <span class='ocrx_word' id='word_1_65' title='bbox 921 1000 1066 1046; x_wconf 84' lang='lat' dir='ltr'>hodie</span> <span class='ocrx_word' id='word_1_66' title='bbox 1093 1017 1275 1050; x_wconf 86' lang='lat' dir='ltr'>coenes.</span> 
     </span>
     <span class='ocr_line' id='line_1_13' title="bbox 370 1095 1200 1130; baseline 0.001 -2"><span class='ocrx_word' id='word_1_67' title='bbox 370 1095 402 1128; x_wconf 78' lang='lat' dir='ltr'>‘r</span> <span class='ocrx_word' id='word_1_68' title='bbox 438 1095 472 1127; x_wconf 83' lang='grc' dir='ltr'>Η</span> <span class='ocrx_word' id='word_1_69' title='bbox 505 1095 536 1128; x_wconf 78' lang='grc' dir='ltr'>Ε</span> <span class='ocrx_word' id='word_1_70' title='bbox 573 1095 607 1128; x_wconf 85' lang='lat' dir='ltr'>U</span> <span class='ocrx_word' id='word_1_71' title='bbox 642 1096 676 1129; x_wconf 99' lang='lat' dir='ltr'>R</span> <span class='ocrx_word' id='word_1_72' title='bbox 711 1095 743 1128; x_wconf 91' lang='lat' dir='ltr'>o</span> <span class='ocrx_word' id='word_1_73' title='bbox 780 1095 808 1129; x_wconf 79' lang='lat' dir='ltr'>P</span> <span class='ocrx_word' id='word_1_74' title='bbox 846 1095 867 1127; x_wconf 94' lang='lat'>1</span> <span class='ocrx_word' id='word_1_75' title='bbox 905 1096 941 1128; x_wconf 88' lang='lat' dir='ltr'><strong>D</strong></span> <span class='ocrx_word' id='word_1_76' title='bbox 978 1095 1009 1128; x_wconf 81' lang='grc' dir='ltr'><strong>Ε</strong></span> <span class='ocrx_word' id='word_1_77' title='bbox 1046 1095 1086 1130; x_wconf 88' lang='lat' dir='ltr'>s.</span> <span class='ocrx_word' id='word_1_78' title='bbox 1197 1128 1200 1129; x_wconf 10' lang='grc' dir='ltr'><em>γ</em></span> 
     </span>
     <span class='ocr_line' id='line_1_14' title="bbox 1079 1156 1353 1217; baseline 0.004 -14"><span class='ocrx_word' id='word_1_79' title='bbox 1079 1156 1156 1203; x_wconf 87' lang='lat' dir='ltr'>Sic</span> <span class='ocrx_word' id='word_1_80' title='bbox 1180 1158 1321 1204; x_wconf 87' lang='lat' dir='ltr'>talem</span> <span class='ocrx_word' id='word_1_81' title='bbox 1335 1191 1353 1217; x_wconf 92' lang='lat'>,</span> 
     </span>
     <span class='ocr_line' id='line_1_15' title="bbox 80 1225 1354 1296; baseline 0.003 -24"><span class='ocrx_word' id='word_1_82' title='bbox 80 1225 411 1284; x_wconf 77' lang='lat' dir='ltr'>Callidamate,</span> <span class='ocrx_word' id='word_1_83' title='bbox 437 1226 518 1272; x_wconf 84' lang='lat' dir='ltr'>Dii</span> <span class='ocrx_word' id='word_1_84' title='bbox 541 1237 589 1272; x_wconf 90' lang='lat' dir='ltr'>te</span> <span class='ocrx_word' id='word_1_85' title='bbox 619 1238 780 1273; x_wconf 83' lang='lat' dir='ltr'>ament</span> <span class='ocrx_word' id='word_1_86' title='bbox 795 1261 810 1286; x_wconf 86' lang='lat'>‚</span> <span class='ocrx_word' id='word_1_87' title='bbox 843 1227 905 1274; x_wconf 89' lang='lat' dir='ltr'>de</span> <span class='ocrx_word' id='word_1_88' title='bbox 930 1244 1077 1275; x_wconf 86' lang='lat' dir='ltr'>coena</span> <span class='ocrx_word' id='word_1_89' title='bbox 1103 1229 1222 1276; x_wconf 85' lang='lat' dir='ltr'>facio</span> <span class='ocrx_word' id='word_1_90' title='bbox 1250 1247 1354 1296; x_wconf 81' lang='lat' dir='ltr'>gra-</span> 
     </span>
     <span class='ocr_line' id='line_1_16' title="bbox 335 1310 463 1344; baseline -0.008 0"><span class='ocrx_word' id='word_1_91' title='bbox 335 1310 463 1344; x_wconf 80' lang='lat' dir='ltr'><strong>tlam.</strong></span> 
     </span>
     <span class='ocr_line' id='line_1_17' title="bbox 337 1383 1115 1419; baseline 0.003 -3"><span class='ocrx_word' id='word_1_92' title='bbox 337 1383 1115 1419; x_wconf 79' lang='lat' dir='ltr'>CALLIDAMATES.</span> 
     </span>
     <span class='ocr_line' id='line_1_18' title="bbox 80 1444 398 1514; baseline -0.006 -22"><span class='ocrx_word' id='word_1_93' title='bbox 80 1444 216 1514; x_wconf 73' lang='lat' dir='ltr'>Quin</span> <span class='ocrx_word' id='word_1_94' title='bbox 236 1444 398 1492; x_wconf 84' lang='lat' dir='ltr'>venis?</span> 
     </span>
     <span class='ocr_line' id='line_1_19' title="bbox 528 1518 916 1553; baseline 0 -1"><span class='ocrx_word' id='word_1_95' title='bbox 528 1519 560 1552; x_wconf 86' lang='lat' dir='ltr'>&#39;r</span> <span class='ocrx_word' id='word_1_96' title='bbox 595 1519 630 1553; x_wconf 89' lang='lat' dir='ltr'>R</span> <span class='ocrx_word' id='word_1_97' title='bbox 668 1518 703 1551; x_wconf 87' lang='lat' dir='ltr'>A</span> <span class='ocrx_word' id='word_1_98' title='bbox 739 1520 771 1552; x_wconf 76' lang='grc' dir='ltr'><strong>Ν</strong></span> <span class='ocrx_word' id='word_1_99' title='bbox 809 1519 830 1552; x_wconf 92' lang='lat'>1</span> <span class='ocrx_word' id='word_1_100' title='bbox 868 1520 916 1552; x_wconf 90' lang='grc' dir='ltr'>ο.</span> 
     </span>
     <span class='ocr_line' id='line_1_20' title="bbox 238 1579 1348 1644; baseline 0.003 -17"><span class='ocrx_word' id='word_1_101' title='bbox 238 1581 490 1627; x_wconf 83' lang='lat' dir='ltr'>Promitte:</span> <span class='ocrx_word' id='word_1_102' title='bbox 521 1597 608 1644; x_wconf 88' lang='lat' dir='ltr'>ego</span> <span class='ocrx_word' id='word_1_103' title='bbox 635 1579 717 1624; x_wconf 89' lang='lat' dir='ltr'>ibo</span> <span class='ocrx_word' id='word_1_104' title='bbox 740 1595 827 1639; x_wconf 87' lang='lat' dir='ltr'>pro</span> <span class='ocrx_word' id='word_1_105' title='bbox 847 1590 893 1624; x_wconf 90' lang='lat' dir='ltr'>te</span> <span class='ocrx_word' id='word_1_106' title='bbox 906 1614 920 1636; x_wconf 83' lang='lat'>‚</span> <span class='ocrx_word' id='word_1_107' title='bbox 940 1580 976 1624; x_wconf 90' lang='lat' dir='ltr'>si</span> <span class='ocrx_word' id='word_1_108' title='bbox 994 1580 1082 1626; x_wconf 87' lang='lat' dir='ltr'>tibi</span> <span class='ocrx_word' id='word_1_109' title='bbox 1099 1597 1200 1627; x_wconf 90' lang='lat' dir='ltr'>non</span> <span class='ocrx_word' id='word_1_110' title='bbox 1218 1584 1348 1631; x_wconf 84' lang='lat' dir='ltr'>libet.</span> 
     </span>
     <span class='ocr_line' id='line_1_21' title="bbox 371 1672 1087 1708; baseline 0.003 -2"><span class='ocrx_word' id='word_1_111' title='bbox 371 1672 1087 1708; x_wconf 79' lang='lat' dir='ltr'>THEUROPIDES.</span> 
     </span>
     <span class='ocr_line' id='line_1_22' title="bbox 77 1732 717 1792; baseline -0.009 -9"><span class='ocrx_word' id='word_1_112' title='bbox 77 1733 315 1792; x_wconf 78' lang='lat' dir='ltr'>verbero,</span> <span class='ocrx_word' id='word_1_113' title='bbox 346 1734 487 1779; x_wconf 86' lang='lat' dir='ltr'>etiam</span> <span class='ocrx_word' id='word_1_114' title='bbox 511 1732 717 1778; x_wconf 86' lang='lat' dir='ltr'>inrides?</span> 
     </span>
     <span class='ocr_line' id='line_1_23' title="bbox 527 1817 912 1852; baseline 0.003 -1"><span class='ocrx_word' id='word_1_115' title='bbox 527 1818 560 1851; x_wconf 84' lang='lat' dir='ltr'>T</span> <span class='ocrx_word' id='word_1_116' title='bbox 594 1819 629 1851; x_wconf 88' lang='lat' dir='ltr'>R</span> <span class='ocrx_word' id='word_1_117' title='bbox 664 1817 699 1851; x_wconf 83' lang='lat' dir='ltr'><strong>A</strong></span> <span class='ocrx_word' id='word_1_118' title='bbox 733 1820 768 1852; x_wconf 80' lang='lat' dir='ltr'>N</span> <span class='ocrx_word' id='word_1_119' title='bbox 804 1819 826 1852; x_wconf 93' lang='lat'>1</span> <span class='ocrx_word' id='word_1_120' title='bbox 864 1819 912 1852; x_wconf 90' lang='lat' dir='ltr'>o.</span> 
     </span>
     <span class='ocr_line' id='line_1_24' title="bbox 236 1880 1348 1953; baseline 0.001 -23"><span class='ocrx_word' id='word_1_121' title='bbox 236 1881 411 1953; x_wconf 71' lang='lat' dir='ltr'>Quian’</span> <span class='ocrx_word' id='word_1_122' title='bbox 433 1898 513 1927; x_wconf 89' lang='lat' dir='ltr'>me</span> <span class='ocrx_word' id='word_1_123' title='bbox 538 1897 627 1942; x_wconf 92' lang='lat' dir='ltr'>pro</span> <span class='ocrx_word' id='word_1_124' title='bbox 656 1892 704 1927; x_wconf 90' lang='lat' dir='ltr'>te</span> <span class='ocrx_word' id='word_1_125' title='bbox 726 1880 790 1926; x_wconf 88' lang='lat' dir='ltr'>ire</span> <span class='ocrx_word' id='word_1_126' title='bbox 811 1881 873 1926; x_wconf 82' lang='lat' dir='ltr'>ad</span> <span class='ocrx_word' id='word_1_127' title='bbox 893 1896 1092 1927; x_wconf 86' lang='lat' dir='ltr'>coenam</span> <span class='ocrx_word' id='word_1_128' title='bbox 1109 1893 1310 1930; x_wconf 89' lang='lat' dir='ltr'><strong>autumo</strong></span> <span class='ocrx_word' id='word_1_129' title='bbox 1325 1886 1348 1931; x_wconf 71' lang='grc' dir='ltr'>Ρ</span> 
     </span>
     <span class='ocr_line' id='line_1_25' title="bbox 371 1976 1083 2011; baseline -0.003 0"><span class='ocrx_word' id='word_1_130' title='bbox 371 1976 1083 2011; x_wconf 82' lang='lat' dir='ltr'>THEUROPIDES.</span> 
     </span>
     <span class='ocr_line' id='line_1_26' title="bbox 80 2033 1350 2100; baseline 0.002 -19"><span class='ocrx_word' id='word_1_131' title='bbox 80 2033 194 2082; x_wconf 89' lang='lat' dir='ltr'>Non</span> <span class='ocrx_word' id='word_1_132' title='bbox 221 2037 361 2082; x_wconf 86' lang='lat' dir='ltr'>enim·</span> <span class='ocrx_word' id='word_1_133' title='bbox 375 2036 477 2082; x_wconf 88' lang='lat' dir='ltr'>ibis.</span> <span class='ocrx_word' id='word_1_134' title='bbox 507 2052 596 2100; x_wconf 89' lang='lat' dir='ltr'>ego</span> <span class='ocrx_word' id='word_1_135' title='bbox 622 2035 764 2081; x_wconf 89' lang='lat' dir='ltr'>ferare</span> <span class='ocrx_word' id='word_1_136' title='bbox 789 2034 924 2092; x_wconf 84' lang='lat' dir='ltr'><strong>faxo,</strong></span> <span class='ocrx_word' id='word_1_137' title='bbox 955 2046 1012 2080; x_wconf 91' lang='lat' dir='ltr'>ut</span> <span class='ocrx_word' id='word_1_138' title='bbox 1034 2034 1274 2093; x_wconf 84' lang='lat' dir='ltr'>meruisti,</span> <span class='ocrx_word' id='word_1_139' title='bbox 1297 2036 1350 2083; x_wconf 86' lang='lat' dir='ltr'>in</span> 
     </span>
    </p>
   </div>
   <div class='ocr_carea' id='block_1_3' title="bbox 330 2123 1126 2223">
    <p class='ocr_par' dir='ltr' id='par_1_3' title="bbox 330 2123 1109 2223">
     <span class='ocr_line' id='line_1_27' title="bbox 330 2123 531 2153; baseline -0.005 -1"><span class='ocrx_word' id='word_1_140' title='bbox 330 2123 531 2153; x_wconf 69' lang='lat' dir='ltr'>Crucem.</span> 
     </span>
     <span class='ocr_line' id='line_1_28' title="bbox 338 2187 1126 2223; baseline 0.001 -1"><span class='ocrx_word' id='word_1_141' title='bbox 338 2187 1126 2223; x_wconf 77' lang='lat' dir='ltr'>CALLIDAMATES.</span> 
     </span>
    </p>
   </div>
   <div class='ocr_carea' id='block_1_4' title="bbox 0 2247 1394 2508">
    <p class='ocr_par' dir='ltr' id='par_1_4' title="bbox 0 2247 1394 2508">
     <span class='ocr_line' id='line_1_29' title="bbox 83 2247 1139 2314; baseline 0.001 -19"><span class='ocrx_word' id='word_1_142' title='bbox 83 2247 211 2314; x_wconf 86' lang='lat' dir='ltr'>Age,</span> <span class='ocrx_word' id='word_1_143' title='bbox 227 2248 362 2295; x_wconf 89' lang='lat' dir='ltr'>mitte</span> <span class='ocrx_word' id='word_1_144' title='bbox 386 2249 502 2308; x_wconf 85' lang='lat' dir='ltr'>ista,</span> <span class='ocrx_word' id='word_1_145' title='bbox 521 2261 569 2295; x_wconf 90' lang='lat' dir='ltr'>et</span> <span class='ocrx_word' id='word_1_146' title='bbox 585 2251 654 2295; x_wconf 91' lang='lat' dir='ltr'>ito</span> <span class='ocrx_word' id='word_1_147' title='bbox 674 2249 736 2294; x_wconf 90' lang='lat' dir='ltr'>ad</span> <span class='ocrx_word' id='word_1_148' title='bbox 754 2265 832 2294; x_wconf 90' lang='lat' dir='ltr'>me</span> <span class='ocrx_word' id='word_1_149' title='bbox 849 2248 911 2294; x_wconf 90' lang='lat' dir='ltr'>ad</span> <span class='ocrx_word' id='word_1_150' title='bbox 929 2264 1139 2296; x_wconf 81' lang='lat' dir='ltr'>coenam.</span> 
     </span>
     <span class='ocr_line' id='line_1_30' title="bbox 23 2317 914 2378; baseline -0.005 0"><span class='ocrx_word' id='word_1_151' title='bbox 23 2317 26 2319; x_wconf 28' lang='lat'>⁵</span> <span class='ocrx_word' id='word_1_152' title='bbox 518 2343 564 2376; x_wconf 67' lang='grc' dir='ltr'>ι·</span> <span class='ocrx_word' id='word_1_153' title='bbox 598 2344 634 2378; x_wconf 84' lang='lat' dir='ltr'>R</span> <span class='ocrx_word' id='word_1_154' title='bbox 668 2341 704 2375; x_wconf 78' lang='lat' dir='ltr'>A</span> <span class='ocrx_word' id='word_1_155' title='bbox 739 2343 772 2375; x_wconf 73' lang='lat' dir='ltr'>N</span> <span class='ocrx_word' id='word_1_156' title='bbox 809 2342 831 2374; x_wconf 95' lang='lat'>1</span> <span class='ocrx_word' id='word_1_157' title='bbox 867 2342 914 2374; x_wconf 92' lang='lat' dir='ltr'>o.</span> 
     </span>
     <span class='ocr_line' id='line_1_31' title="bbox 0 2401 1394 2508; baseline 0.004 -63"><span class='ocrx_word' id='word_1_158' title='bbox 0 2421 4 2508; x_wconf 50' lang='grc' dir='ltr'>ἰ</span> <span class='ocrx_word' id='word_1_159' title='bbox 635 2401 727 2448; x_wconf 86' lang='lat' dir='ltr'>Dic</span> <span class='ocrx_word' id='word_1_160' title='bbox 752 2413 1023 2452; x_wconf 83' lang='lat' dir='ltr'>venturum.</span> <span class='ocrx_word' id='word_1_161' title='bbox 1052 2402 1181 2465; x_wconf 78' lang='lat' dir='ltr'>quid.</span> <span class='ocrx_word' id='word_1_162' title='bbox 1196 2402 1352 2451; x_wconf 82' lang='lat' dir='ltr'>taces?</span> <span class='ocrx_word' id='word_1_163' title='bbox 1392 2468 1394 2470; x_wconf 12' lang='lat' dir='ltr'>V</span> 
     </span>
    </p>
   </div>
  </div>
 </body>
</html>
