1618 2866
236 184 335 232 2⁷4
561 171 1161 224 MERCATOR.
1388 185 1526 246 v.69

239 280 411 343 Neque
438 280 516 326 illa
540 290 741 325 matrem
758 278 860 325 satis
887 279 1087 329 honefite
1110 292 1245 330 tuam
1268 285 1404 346 sequi
1433 303 1524 348 po-

495 354 605 400 terit
632 369 820 412 comes,

237 429 408 493 Neque
437 430 600 476 sinam.

620 518 646 550 c
682 517 716 550 Η
753 516 788 551 Α
823 517 857 552 R
893 517 914 550 1
952 517 986 551 N
1027 515 1062 549 U
1098 514 1136 551 s.

483 577 587 647 Qui
615 577 762 624 vero?

645 670 680 703 D
716 667 746 701 E
784 669 827 702 Μ
863 669 884 702 1
921 667 950 701 P
987 668 1021 700 H
1059 668 1108 702 ο.

609 730 738 802 Quia
770 729 849 775 illa
877 728 1030 775 forma
1061 740 1263 777 matrem
1296 731 1517 794 familias,

236 806 492 872 Flagitium
524 805 606 862 sit,
642 804 678 850 si
707 814 930 864 sequatur
950 836 964 861 ,
995 803 1191 864 quando
1224 805 1413 854 incedat
1433 826 1519 871 per

494 879 617 926 vias:

230 953 607 1014 Contemplent,
649 951 941 1012 conspiciant
974 966 1165 1010 omnes,
1199 964 1405 1014 nutent,
1442 956 1518 1002 ni·-

484 1035 616 1071 ctent
635 1058 650 1082 ‚
684 1025 874 1072 sibilent
890 1060 904 1083 ‚

226 1100 484 1157 Vellicent‚
503 1109 696 1156 vocent,
715 1101 903 1146 molesti
920 1100 1029 1158 sint,
1050 1112 1303 1149 occentent
1322 1104 1512 1153 ostium.

225 1175 506 1236 Inpleantur
533 1189 665 1218 meae
696 1172 816 1219 fores
845 1173 1112 1238 elogiorum
1145 1175 1444 1224 carbonibus.

226 1248 389 1309 Atque
413 1281 427 1305 ‚
466 1258 522 1293 ut
563 1262 695 1293 nunc
734 1257 845 1292 sunt
884 1246 1218 1294 maledicentes
1257 1249 1476 1297 homines
1490 1255 1513 1311 ',

483 1335 621 1364 uxori
648 1336 781 1365 meae

228 1392 452 1454 Mihique
477 1391 721 1455 objectent
744 1392 1039 1441 lenocinium
1058 1394 1221 1442 facere.
1256 1412 1370 1443 nam
1391 1397 1514 1460 quid

477 1479 536 1508 eo
555 1463 609 1508 ’st
636 1463 794 1524 opus?

613 1557 639 1589 c
676 1557 709 1589 H
746 1556 779 1590 A
815 1559 848 1592 R
883 1558 903 1589 1
941 1558 975 1591 N
1013 1556 1048 1590 U
1086 1558 1124 1592 s.

226 1621 399 1669 Hercle
429 1619 550 1680 quin
575 1629 630 1665 tu
657 1629 782 1665 recte
809 1618 946 1664 dicis:
980 1629 1028 1664 et
1055 1618 1145 1665 tibi
1158 1621 1382 1667 assentior
1403 1637 1505 1686 ego.

223 1693 319 1741 Sed
352 1691 473 1753 quid
499 1692 576 1737 illa
609 1707 741 1737 nunc
768 1691 850 1737 fiet
867 1691 889 1736 Ξ)

637 1785 672 1818 D
708 1785 739 1818 E
775 1785 817 1817 Μ
853 1785 873 1817 1
909 1784 937 1817 Ρ
979 1784 1013 1817 Η
1049 1784 1097 1818 o.

737 1847 896 1893 Recte.
930 1862 1017 1910 ego
1044 1861 1201 1891 emero
1224 1846 1366 1892 matri
1392 1857 1503 1894 tuae

216 1922 452 1971 'Ancillam
478 1919 735 1983 viraginem
762 1920 972 1980 aliquam
998 1934 1100 1965 non
1123 1919 1325 1978 malam,
1348 1918 1501 1966 forma

468 1993 619 2048 mala,

219 2067 285 2114 Ut
320 2077 519 2135 matrem
557 2064 756 2110 addecet
795 2064 1021 2123 familias,
1062 2075 1144 2111 aut
1180 2062 1381 2127 Syram,
1415 2077 1500 2114 aut

468 2138 783 2202 Aegyptiam:
1436 2185 1438 2187 .

214 2214 282 2263 Ea
320 2214 497 2270 molet,
531 2212 752 2259 conficiet
785 2229 988 2275 pensum
1008 2248 1022 2272 ,
1059 2213 1272 2275 pinsetur
1312 2212 1457 2277 flagro
1479 2246 1496 2271 ‚

466 2301 626 2349 neque

217 2364 413 2427 Propter
450 2381 554 2410 eam
584 2361 851 2423 quidquam
890 2362 1076 2409 eveniet
1109 2359 1276 2408 nostris
1313 2359 1493 2407 foribus

469 2436 629 2502 flagiti.
1181 2475 1202 2488 ,
