1618 2866
51 154 244 240 &ms
404 185 706 235 ACTUS1
766 184 1100 234 11.SC.1.
1303 188 1389 245 165

116 297 300 344 Verum
333 307 494 342 tamen
526 311 719 356 nequeo
755 293 1028 349 continere,
1061 292 1179 353 quin
1205 294 1391 353 loquar.

115 368 245 414 Audi
261 403 276 424 ‚
303 367 635 412 Menaechme:
666 382 818 427 quom
841 365 1037 427 inspicio
1064 364 1356 425 marsupium
1371 398 1390 421 ‚

115 439 335 487 Viaticati
364 441 520 485 hercle
542 439 807 486 admodum
831 439 1002 484 aestive
1028 455 1202 484 sumus.

106 509 217 558 ¹Nae
247 524 305 558 tu
331 513 513 569 hercle,
547 511 745 573 opinor,
779 511 867 556 nisi
893 511 1097 557 domum
1117 512 1392 568 revorteris‚

119 585 215 630 Ubi
243 585 312 630 nil
334 584 526 630 habebis
536 591 560 641 ,”
578 584 827 648 geminum
847 583 967 630 dum
986 586 1167 646 quaeris
1179 620 1194 642 ,
1221 602 1393 650 gemes·

118 656 245 702 Nam
275 656 340 702 ita
373 667 441 702 est
465 657 580 701 haec
611 656 865 702 hominum
893 657 1022 703 natio
1050 657 1360 720 Epidamnia,

118 729 384 792 voluptarii
407 740 552 790 atque
579 740 815 791 potatores
842 730 1081 776 maxumi:

118 801 251 848 Tum
278 801 597 863 sycophantae
629 813 677 847 et
702 803 966 863 palpatores
989 802 1185 863 plurimi

115 873 175 918 In
203 872 321 920 urbe
348 873 435 919 hac
469 873 705 918 habitant:
740 885 847 918 tum
878 874 1143 921 meretrices
1172 875 1392 922 mulieres

104 945 364 1008 Nusquam
391 948 703 1009 perhibentur
732 947 999 993 blandiores
1029 948 1260 1011 gentium.

71 1071 76 1074 ,
116 1019 368 1082 Propterea
378 1021 490 1066 huic
505 1020 613 1066 urbi
627 1037 808 1067 nomen
819 1021 1087 1082 Epidamno
1101 1021 1311 1067 inditum
1319 1023 1393 1080 'st,

117 1091 250 1162 Quia
270 1109 415 1139 nemo
438 1092 585 1138 ferme
611 1093 707 1138 huc
731 1093 830 1138 sine
851 1093 1029 1138 damno
1057 1093 1322 1139 divortitur.

409 1203 452 1238 M
488 1201 517 1233 Ε
556 1202 591 1234 Ν
627 1202 662 1233 A
698 1202 728 1233 E
766 1203 792 1235 c
829 1201 862 1234 Η
898 1203 940 1235 Μ
980 1201 1015 1233 U
1056 1201 1093 1234 s.

118 1260 220 1324 Ego
251 1261 370 1307 istuc
409 1260 620 1310 cavebo:
657 1259 900 1308 cedodum
939 1261 1058 1308 mihi
1086 1261 1183 1308 huc
1214 1278 1393 1308 marsu-

369 1351 521 1398 plum.

490 1430 535 1463 Μ
566 1430 597 1463 Ε
633 1429 657 1464 8
696 1429 719 1463 s
758 1428 789 1462 E
827 1430 862 1463 Ν
896 1431 917 1463 1
953 1431 1001 1464 o.

121 1487 257 1560 Quid
285 1505 342 1536 eo
364 1489 474 1536 vis?

406 1585 451 1617 Μ
487 1584 517 1616 Ε
554 1585 588 1616 Ν
622 1584 656 1616 Α
693 1585 724 1616 E
762 1584 789 1616 c
826 1584 860 1616 Η
897 1584 941 1616 Μ
976 1582 1013 1615 U
1048 1582 1086 1616 s.

447 1652 556 1710 Jam
578 1651 660 1696 abs
681 1661 730 1696 te
759 1661 927 1696 metuo
957 1649 1017 1695 de
1039 1649 1192 1696 verbis
1219 1648 1328 1695 tuis.

495 1746 538 1780 M
573 1745 603 1777 E
640 1744 663 1778 S
701 1744 726 1779 S
761 1744 791 1776 E
827 1745 861 1776 N
895 1744 916 1776 1
952 1744 1003 1776 Ο.

124 1805 259 1874 Quid
282 1806 486 1863 metuis?

222 1881 226 1884 ’
410 1898 454 1931 Μ
491 1899 521 1931 1-:
556 1898 591 1932 Ν
624 1898 659 1930 A
697 1898 726 1930 E
762 1898 789 1931 c
824 1897 859 1929 n
895 1896 939 1929 M
974 1894 1011 1927 U
1046 1895 1087 1929 s,

407 1958 481 2004 Ne
502 1959 622 2004 mihi
650 1958 881 2003 damnum
906 1956 956 2001 in
979 1955 1251 2017 Epidamno
1279 1954 1396 1999 duis.

123 2026 205 2072 Tu
224 2044 419 2094 magnus
446 2043 627 2077 amator
649 2031 908 2077 mulierum
940 2045 1012 2086 eS,
1042 2029 1297 2075 Messenio:

130 2098 231 2161 Ego
260 2112 415 2148 autem
446 2104 596 2150 homo
631 2102 912 2158 iracundus,
945 2101 1091 2146 animi
1122 2101 1311 2162 perditiss

130 2168 189 2213 Id
206 2180 483 2232 utrumque,
499 2185 748 2239 argentum
766 2173 1172 2234 quando-habebo
1184 2208 1197 2230 ,
1213 2188 1399 2228 cavero,

130 2241 204 2286 Ne
234 2252 291 2288 tu
319 2242 594 2306 delinquas,
624 2262 752 2293 neve
778 2245 870 2310 egov
888 2246 1047 2292 irascar
1074 2246 1177 2292 tibi.

499 2355 543 2387 M
577 2355 610 2387 r.
646 2355 669 2389 s
707 2356 730 2389 s
766 2357 795 2396 Ε
834 2357 867 2388 Ν
905 2357 926 2388 1
963 2355 1014 2388 o.

127 2409 254 2471 Cape
279 2420 424 2471 atque
465 2427 604 2460 serva.
641 2430 719 2460 me
747 2414 946 2460 lubente
972 2414 1143 2460 feceris.

1104 2485 1147 2529 L
1180 2498 1214 2543 3
