1618 2866
233 169 333 215 422
481 147 729 198 MILES
781 131 1279 218 eLossmosus.
1397 163 1528 212 ιαμ

566 270 595 304 1³
632 269 667 304 A
704 270 735 304 1.
773 270 808 305 A
842 271 874 304 E
913 271 936 306 S
973 271 1005 305 T
1040 273 1074 307 R
1107 273 1128 309 Ι
1163 273 1214 308 Ο.

237 338 401 387 Patere
419 372 432 395 ,
452 348 599 398 atque
622 348 728 383 asta.
750 336 839 384 tibi
857 354 944 402 ego
963 338 1085 384 hanc
1103 337 1168 385 do
1185 344 1392 402 operam.

435 434 1354 474 PYRGOPOLINICES.

938 495 1244 557 Properando
1273 486 1528 547 ekcmcior.

563 595 592 628 P
630 595 663 628 A
701 595 732 628 L
770 594 804 627 A
840 594 870 626 E
911 594 932 627 s
972 594 1003 627 T
1035 596 1069 628 R
1105 595 1125 628 1
1165 596 1216 629 0.

238 667 556 714 Pedetentim.
583 676 639 711 tu
666 666 781 711 haec
800 665 908 722 SCIS,
934 665 1119 711 tractati
1140 665 1204 720 ita
1226 667 1372 713 solere
1399 666 1534 714 hasce

494 740 770 806 hujusmodi
802 756 993 787 merces.

440 841 1361 879 PYRGOPOLINICES.

243 912 372 976 Age,
405 927 517 975 age,
545 922 599 956 ut
630 911 718 956 tibi
741 926 968 956 maxume
991 908 1286 966 concinnum
1302 908 1370 954 ’st.

571 1013 600 1046 P
638 1012 672 1045 A
711 1012 742 1045 L
782 980 816 1044 A
853 1010 883 1043 Ε
923 1010 945 1044 s
985 1009 1016 1042 T
1052 1011 1086 1044 R
1121 1010 1140 1042 1
1179 1011 1227 1043 o.

707 1077 939 1123 Nullum’
943 1088 984 1123 st
1009 1078 1103 1124 hoc
1124 1076 1338 1129 stolidius
1358 1092 1540 1124 saxum.

244 1153 410 1202 Redeo
434 1152 495 1199 ad
520 1163 581 1199 te.
618 1151 740 1214 quid
757 1168 835 1198 me
861 1151 1090 1197 voluisti?

541 1250 586 1284 M
621 1251 641 1283 1
678 1250 710 1283 L
748 1249 775 1282 P
809 1249 843 1282 Η
879 1249 899 1281 Ι
936 1249 972 1282 Ι)
1011 1249 1030 1282 1
1065 1248 1094 1281 P
1131 1248 1160 1281 P
1201 1246 1250 1282 A.
1499 1280 1502 1281 γ

724 1309 841 1377 Quo
864 1319 1006 1368 pacto
1026 1307 1120 1354 hoc
1143 1306 1333 1355 dudum
1352 1308 1511 1371 accepi
1524 1341 1540 1366 ,

249 1381 376 1440 Istuc
405 1379 505 1426 fero
543 1378 604 1424 ad
630 1390 679 1424 te
708 1379 975 1425 consilium.

579 1480 609 1513 P
650 1478 685 1513 A
719 1479 750 1512 1.
789 1479 822 1512 A
860 1478 889 1512 Ε
929 1478 952 1510 s
989 1478 1019 1511 T
1062 1479 1095 1512 R
1130 1479 1152 1512 1
1189 1480 1237 1513 o.

748 1540 896 1610 Quasi
926 1540 1058 1587 hunc
1081 1539 1316 1603 depereat.

546 1641 1247 1676 MILPHIDIPPA.

1204 1704 1539 1750 Teneoistuc.

582 1787 1228 1825 PALAESTRIO.

257 1850 557 1900 Conlaudato
585 1852 790 1900 formam
816 1865 864 1900 et
893 1853 1063 1900 faciem
1080 1889 1096 1913 ,
1126 1866 1174 1902 et
1196 1856 1390 1902 virtutes
1423 1869 1539 1900 con-

508 1937 787 1972 memorato.
1099 1938 1106 1943 ·

551 2023 1256 2062 MILPHIDIPPA.

258 2093 337 2141 Ad
368 2111 472 2141 eam
499 2110 602 2139 rem
627 2094 782 2140 habeo
814 2109 1012 2140 omnem
1041 2093 1220 2152 aciem,
1248 2094 1337 2141 tibi
1369 2105 1425 2141 ut
1455 2094 1545 2141 du·-

514 2166 634 2212 dum
669 2165 1002 2213 demonstravi.

587 2264 1230 2300 PALAESTRIO.

261 2337 343 2384 Tu
375 2348 527 2384 cetera
552 2353 662 2383 cura
692 2348 739 2382 et
766 2337 1065 2397 contempla,
1094 2337 1228 2383 ende
1258 2337 1373 2383 meis
1397 2351 1542 2385 vena-

521 2420 597 2456 tor
617 2410 783 2456 verbis.
