1618 2866
215 203 305 261 IQ
469 196 1204 247 MENAECHMEL
1399 202 1521 247 ms

206 306 284 352 An
304 341 318 364 ,
349 304 480 366 quasi
508 320 663 360 mare,
694 302 849 348 omnis
880 301 1182 350 circumimus
1209 303 1437 365 insulas?

510 397 552 428 M
596 396 625 427 E
662 395 695 427 N
731 394 766 427 A
801 395 832 427 E
871 395 898 426 c
938 393 973 426 Η
1007 395 1050 427 Μ
1087 393 1122 426 U
1158 393 1197 427 s.

206 467 417 514 Fratrem
443 464 712 526 quaesitum
735 463 985 527 geminum
1006 466 1289 527 germanum
1313 479 1494 511 meum.

606 556 648 588 M
685 556 714 588 Ε
753 555 775 588 s
798 555 830 588 ‘s
868 555 898 587 E
934 555 967 587 N
1005 555 1023 586 Ι
1064 554 1112 587 o.

210 620 335 666 Nam
365 617 486 680 quid
512 616 649 662 modi
678 616 899 662 futurum
917 617 970 661 ’st
994 616 1134 662 illum
1159 617 1419 678 quaerere?

210 693 305 739 Hic
322 708 471 738 annus
488 701 668 747 sextus,
685 701 943 751 postquam
961 690 1002 735 ei
1019 691 1086 735 rei
1105 700 1300 752 operam
1317 690 1498 738 damus.

210 766 352 810 Istros
369 799 394 844 ’.
407 763 667 823 Hispanos,
697 761 1026 818 Massilienses,
1056 761 1241 808 Illurios
1257 797 1272 820 ,

212 839 345 885 Mare
373 852 599 897 superum
624 851 800 891 omne,
835 833 1177 894 Graeciamque
1205 836 1470 895 exoticam,

214 912 432 971 Orasque
457 909 634 954 Italicas
652 908 832 965 omnis,
862 925 957 968 qua
981 907 1251 972 adgreditur
1276 926 1434 967 mare,

216 985 394 1032 Sumus
422 982 740 1028 circumvecti.
774 980 811 1026 si
834 996 974 1026 acum
998 980 1139 1026 credo
1168 997 1439 1041 quaereres,

220 1060 376 1104 Acum
407 1055 655 1102 invenisses
673 1088 686 1111 ,
718 1054 755 1099 si
779 1064 1049 1115 appareret,
1074 1054 1176 1118 jam
1197 1053 1295 1101 diu.

218 1130 485 1177 Hominem
510 1129 632 1173 inter
659 1128 792 1174 vivos
823 1127 1138 1188 quaeritamus
1163 1139 1436 1174 mortuum:

221 1205 350 1250 Nam
380 1202 718 1248 invenissemus
738 1202 840 1265 jam
868 1199 980 1257 diu,
1010 1199 1046 1244 si
1074 1200 1267 1246 viveret.

533 1283 581 1327 Μ’
610 1295 640 1326 Ε
678 1284 780 1327 N'A
816 1294 847 1326 E
883 1294 910 1326 c
946 1278 1130 1325 H'M'u
1167 1293 1205 1327 s.

222 1368 349 1431 Ergo
379 1366 496 1426 istuc
521 1379 697 1424 quaero
719 1374 906 1407 certum
937 1361 1022 1421 qui
1047 1360 1184 1407 faciat
1210 1362 1363 1421 mihi,

226 1440 330 1509 Qui
356 1453 449 1482 sese
477 1435 601 1480 dicat
620 1433 758 1488 scire,
790 1447 903 1476 eum
933 1447 1026 1476 esse
1050 1444 1317 1480 mortuum.

226 1513 439 1573 Operam
467 1517 704 1569 praeterea
725 1520 998 1564 numquam
1024 1522 1210 1550 sumam
1238 1523 1475 1566 quaerere.

226 1584 413 1630 Verum
440 1582 571 1626 aliter
594 1579 726 1625 vivos
749 1592 1021 1637 numquam
1053 1576 1269 1622 desistam
1298 1579 1506 1640 exsequi,

227 1655 331 1721 Ego
360 1654 500 1699 illum
525 1651 619 1697 scio
636 1686 650 1709 ,
677 1667 825 1712 quam
852 1649 983 1696 cordi
1005 1650 1062 1696 sit
1090 1666 1219 1696 carus
1250 1667 1374 1696 meo.

616 1746 659 1777 M
693 1744 723 1776 E
761 1724 783 1776 s
824 1744 845 1776 s
883 1744 913 1775 E
951 1745 983 1776 N
1021 1744 1039 1775 1
1078 1744 1125 1776 o.

228 1811 288 1856 In
311 1808 462 1868 scirpo
488 1805 677 1851 nodum
695 1805 891 1865 quaeris·
917 1803 1036 1865 quin
1059 1820 1144 1849 nos
1170 1804 1282 1850 hinc
1305 1803 1508 1853 domum

229 1881 489 1936 Redimus,
525 1879 613 1924 nisi
639 1879 675 1923 si
704 1878 943 1923 historiam
973 1878 1189 1924 scribturi
1219 1880 1414 1925 sumus?

521 1974 564 2006 M
601 1973 630 2004 E
667 1974 702 2006 N
740 1973 775 2005 A
815 1973 846 2004 Ε
880 1972 907 2003 c
943 1972 976 2004 H
1014 1972 1056 2004 Μ
1093 1970 1129 2003 U
1165 1971 1202 2004 s.

228 2046 430 2094 Dictum
455 2044 639 2091 facessas
667 2043 894 2100 doctum,
924 2053 972 2087 et
1000 2041 1229 2088 discaveas
1259 2044 1416 2103 malo,

229 2118 458 2165 Molestus
484 2134 546 2163 ne
573 2117 640 2162 sis.
678 2132 780 2162 non
799 2127 886 2162 tuo
916 2116 1010 2160 hoc
1041 2114 1124 2161 fiet
1148 2116 1312 2162 modo.

601 2215 1105 2251 MESSENIO.

505 2328 509 2333 ,
863 2322 865 2325 ,
1314 2277 1444 2325 Hem
1457 2311 1476 2338 ‚
1491 2285 1495 2291 '

147 2398 151 2410 ,
207 2357 350 2403 'Illoc
379 2353 507 2400 enim
529 2352 677 2399 verbo
703 2366 794 2397 esse
823 2367 903 2396 me
931 2367 1114 2398 servom
1143 2352 1251 2398 scio.

230 2427 345 2474 Non
370 2426 532 2489 potuit
554 2425 712 2487 paucis
738 2425 874 2485 plura
901 2424 1041 2492 plane
1067 2423 1309 2486 proloqui.
