<?xml version="1.0" encoding="UTF-8"?>
<!DOCTYPE html PUBLIC "-//W3C//DTD XHTML 1.0 Transitional//EN"
    "http://www.w3.org/TR/xhtml1/DTD/xhtml1-transitional.dtd">
<html xmlns="http://www.w3.org/1999/xhtml" xml:lang="en" lang="en">
 <head>
  <title>
</title>
<meta http-equiv="Content-Type" content="text/html;charset=utf-8" />
  <meta name='ocr-system' content='tesseract 3.04.00' />
  <meta name='ocr-capabilities' content='ocr_page ocr_carea ocr_par ocr_line ocrx_word'/>
</head>
<body>
  <div class='ocr_page' id='page_1' title='image "./comoediaesuperst02plauuoft_0116.png"; bbox 0 0 1618 2866; ppageno 0'>
   <div class='ocr_carea' id='block_1_1' title="bbox 256 183 1610 274">
    <p class='ocr_par' dir='ltr' id='par_1_1' title="bbox 256 183 1610 274">
     <span class='ocr_line' id='line_1_1' title="bbox 256 183 1610 274; baseline -0.001 -16"><span class='ocrx_word' id='word_1_1' title='bbox 256 212 345 261; x_wconf 51' lang='grc' dir='ltr'>ιώ</span> <span class='ocrx_word' id='word_1_2' title='bbox 635 209 1227 259; x_wconf 69' lang='grc' dir='ltr'><strong>ΕΡΙΒῙευ3·</strong></span> <span class='ocrx_word' id='word_1_3' title='bbox 1436 183 1610 274; x_wconf 48' lang='grc' dir='ltr'>φι’</span> 
     </span>
    </p>
   </div>
   <div class='ocr_carea' id='block_1_2' title="bbox 615 347 1156 396">
    <p class='ocr_par' dir='ltr' id='par_1_2' title="bbox 615 347 1156 396">
     <span class='ocr_line' id='line_1_2' title="bbox 615 347 1156 396; baseline 0.002 -1"><span class='ocrx_word' id='word_1_4' title='bbox 615 347 1156 396; x_wconf 89' lang='lat' dir='ltr'><strong><em>SCENAII.</em></strong></span> 
     </span>
    </p>
   </div>
   <div class='ocr_carea' id='block_1_3' title="bbox 327 491 1462 617">
    <p class='ocr_par' dir='ltr' id='par_1_3' title="bbox 327 491 1462 617">
     <span class='ocr_line' id='line_1_3' title="bbox 327 491 1462 531; baseline 0.001 -2"><span class='ocrx_word' id='word_1_5' title='bbox 327 492 737 530; x_wconf 83' lang='lat' dir='ltr'><strong><em>EPIDICUS..</em></strong></span> <span class='ocrx_word' id='word_1_6' title='bbox 794 491 1462 531; x_wconf 71' lang='lat' dir='ltr'><em>STRATIPPOCLES.</em></span> 
     </span>
     <span class='ocr_line' id='line_1_4' title="bbox 597 581 1184 617; baseline 0 -1"><span class='ocrx_word' id='word_1_7' title='bbox 597 581 1184 617; x_wconf 82' lang='lat' dir='ltr'><em>CHAERIBULUS.</em></span> 
     </span>
    </p>
   </div>
   <div class='ocr_carea' id='block_1_4' title="bbox 635 714 1191 765">
    <p class='ocr_par' dir='ltr' id='par_1_4' title="bbox 635 714 1191 765">
     <span class='ocr_line' id='line_1_5' title="bbox 635 714 1191 765; baseline 0.002 -18"><span class='ocrx_word' id='word_1_8' title='bbox 635 714 1191 765; x_wconf 27' lang='lat' dir='ltr'>EPIDICUS.-</span> 
     </span>
    </p>
   </div>
   <div class='ocr_carea' id='block_1_5' title="bbox 249 768 1534 2062">
    <p class='ocr_par' dir='ltr' id='par_1_5' title="bbox 249 768 1532 968">
     <span class='ocr_line' id='line_1_6' title="bbox 249 768 1532 897; baseline -0.001 -18"><span class='ocrx_word' id='word_1_9' title='bbox 249 768 370 879; x_wconf 69' lang='grc' dir='ltr'>ΡΒ</span> <span class='ocrx_word' id='word_1_10' title='bbox 389 846 415 878; x_wconf 88' lang='lat' dir='ltr'>c</span> <span class='ocrx_word' id='word_1_11' title='bbox 433 845 452 878; x_wconf 94' lang='lat'>1</span> <span class='ocrx_word' id='word_1_12' title='bbox 470 845 491 879; x_wconf 91' lang='grc'><strong>5</strong></span> <span class='ocrx_word' id='word_1_13' title='bbox 510 846 540 878; x_wconf 88' lang='grc' dir='ltr'><strong>Τ</strong></span> <span class='ocrx_word' id='word_1_14' title='bbox 558 847 578 879; x_wconf 92' lang='lat'>1</span> <span class='ocrx_word' id='word_1_15' title='bbox 609 834 708 897; x_wconf 83' lang='lat' dir='ltr'>jam</span> <span class='ocrx_word' id='word_1_16' title='bbox 740 833 948 880; x_wconf 86' lang='lat' dir='ltr'>officium</span> <span class='ocrx_word' id='word_1_17' title='bbox 981 844 1035 879; x_wconf 88' lang='lat' dir='ltr'>tu</span> <span class='ocrx_word' id='word_1_18' title='bbox 1060 844 1226 879; x_wconf 89' lang='lat' dir='ltr'>tuum:</span> <span class='ocrx_word' id='word_1_19' title='bbox 1261 849 1340 879; x_wconf 90' lang='lat' dir='ltr'>me</span> <span class='ocrx_word' id='word_1_20' title='bbox 1362 847 1532 879; x_wconf 89' lang='lat' dir='ltr'>meum</span> 
     </span>
     <span class='ocr_line' id='line_1_7' title="bbox 504 907 1046 968; baseline 0 -16"><span class='ocrx_word' id='word_1_21' title='bbox 504 923 635 953; x_wconf 89' lang='lat' dir='ltr'>nunc</span> <span class='ocrx_word' id='word_1_22' title='bbox 661 907 810 965; x_wconf 84' lang='lat' dir='ltr'>facere</span> <span class='ocrx_word' id='word_1_23' title='bbox 844 917 1046 968; x_wconf 81' lang='lat' dir='ltr'>oportet.</span> 
     </span>
    </p>

    <p class='ocr_par' dir='ltr' id='par_1_6' title="bbox 251 975 1530 1114">
     <span class='ocr_line' id='line_1_8' title="bbox 251 975 1530 1038; baseline -0.002 -17"><span class='ocrx_word' id='word_1_24' title='bbox 251 977 339 1021; x_wconf 89' lang='lat' dir='ltr'>Per</span> <span class='ocrx_word' id='word_1_25' title='bbox 367 977 489 1022; x_wconf 87' lang='lat' dir='ltr'>hanc</span> <span class='ocrx_word' id='word_1_26' title='bbox 522 994 681 1023; x_wconf 79' lang='lat' dir='ltr'>curam</span> <span class='ocrx_word' id='word_1_27' title='bbox 708 977 873 1038; x_wconf 74' lang='lat' dir='ltr'>quieto</span> <span class='ocrx_word' id='word_1_28' title='bbox 900 977 990 1023; x_wconf 87' lang='lat' dir='ltr'>tibi</span> <span class='ocrx_word' id='word_1_29' title='bbox 1015 976 1126 1022; x_wconf 89' lang='lat' dir='ltr'>licet</span> <span class='ocrx_word' id='word_1_30' title='bbox 1158 992 1263 1022; x_wconf 88' lang='lat' dir='ltr'>esse.</span> <span class='ocrx_word' id='word_1_31' title='bbox 1292 977 1384 1022; x_wconf 89' lang='lat' dir='ltr'>hoc</span> <span class='ocrx_word' id='word_1_32' title='bbox 1420 975 1530 1036; x_wconf 83' lang='lat' dir='ltr'>qui-</span> 
     </span>
     <span class='ocr_line' id='line_1_9' title="bbox 508 1050 925 1114; baseline 0 -19"><span class='ocrx_word' id='word_1_33' title='bbox 508 1050 618 1095; x_wconf 87' lang='lat' dir='ltr'>dem</span> <span class='ocrx_word' id='word_1_34' title='bbox 639 1051 738 1114; x_wconf 84' lang='lat' dir='ltr'>jam</span> <span class='ocrx_word' id='word_1_35' title='bbox 758 1050 925 1111; x_wconf 83' lang='lat' dir='ltr'>periit:</span> 
     </span>
    </p>

    <p class='ocr_par' dir='ltr' id='par_1_7' title="bbox 252 1119 1530 1257">
     <span class='ocr_line' id='line_1_10' title="bbox 252 1119 1530 1185; baseline -0.001 -20"><span class='ocrx_word' id='word_1_36' title='bbox 252 1120 317 1166; x_wconf 86' lang='lat' dir='ltr'>Ni</span> <span class='ocrx_word' id='word_1_37' title='bbox 352 1122 472 1183; x_wconf 89' lang='lat' dir='ltr'>quid</span> <span class='ocrx_word' id='word_1_38' title='bbox 504 1123 592 1168; x_wconf 88' lang='lat' dir='ltr'>tibi</span> <span class='ocrx_word' id='word_1_39' title='bbox 621 1123 732 1168; x_wconf 86' lang='lat' dir='ltr'>hinc</span> <span class='ocrx_word' id='word_1_40' title='bbox 767 1123 819 1168; x_wconf 91' lang='lat' dir='ltr'>in</span> <span class='ocrx_word' id='word_1_41' title='bbox 857 1140 991 1185; x_wconf 89' lang='lat' dir='ltr'>spem</span> <span class='ocrx_word' id='word_1_42' title='bbox 1015 1124 1194 1170; x_wconf 80' lang='lat' dir='ltr'>referas.</span> <span class='ocrx_word' id='word_1_43' title='bbox 1221 1124 1314 1169; x_wconf 91' lang='lat' dir='ltr'>hoc</span> <span class='ocrx_word' id='word_1_44' title='bbox 1347 1119 1530 1183; x_wconf 86' lang='lat' dir='ltr'>oppido</span> 
     </span>
     <span class='ocr_line' id='line_1_11' title="bbox 511 1197 807 1257; baseline 0 -15"><span class='ocrx_word' id='word_1_45' title='bbox 511 1197 718 1257; x_wconf 85' lang='lat' dir='ltr'>politum</span> <span class='ocrx_word' id='word_1_46' title='bbox 742 1198 807 1243; x_wconf 87' lang='lat' dir='ltr'>’st.</span> 
     </span>
    </p>

    <p class='ocr_par' dir='ltr' id='par_1_8' title="bbox 253 1268 1533 1336">
     <span class='ocr_line' id='line_1_12' title="bbox 253 1268 1533 1336; baseline -0.001 -21"><span class='ocrx_word' id='word_1_47' title='bbox 253 1269 405 1316; x_wconf 81' lang='lat' dir='ltr'><strong>Crede</strong></span> <span class='ocrx_word' id='word_1_48' title='bbox 430 1271 578 1317; x_wconf 86' lang='lat' dir='ltr'>modo</span> <span class='ocrx_word' id='word_1_49' title='bbox 602 1283 654 1318; x_wconf 91' lang='lat' dir='ltr'>tu</span> <span class='ocrx_word' id='word_1_50' title='bbox 674 1272 805 1317; x_wconf 87' lang='lat' dir='ltr'>mihi.</span> <span class='ocrx_word' id='word_1_51' title='bbox 829 1272 891 1318; x_wconf 90' lang='lat' dir='ltr'>sic</span> <span class='ocrx_word' id='word_1_52' title='bbox 911 1289 997 1336; x_wconf 85' lang='lat' dir='ltr'>ego</span> <span class='ocrx_word' id='word_1_53' title='bbox 1014 1287 1101 1336; x_wconf 87' lang='lat' dir='ltr'>ago</span> <span class='ocrx_word' id='word_1_54' title='bbox 1115 1306 1127 1328; x_wconf 89' lang='lat'>‚</span> <span class='ocrx_word' id='word_1_55' title='bbox 1147 1272 1210 1317; x_wconf 89' lang='lat' dir='ltr'>sic</span> <span class='ocrx_word' id='word_1_56' title='bbox 1225 1285 1358 1334; x_wconf 82' lang='lat' dir='ltr'>egere</span> <span class='ocrx_word' id='word_1_57' title='bbox 1370 1268 1533 1322; x_wconf 81' lang='lat' dir='ltr'>nostri.</span> 
     </span>
    </p>

    <p class='ocr_par' dir='ltr' id='par_1_9' title="bbox 254 1342 1532 1464">
     <span class='ocr_line' id='line_1_13' title="bbox 254 1342 1532 1402; baseline -0.002 -13"><span class='ocrx_word' id='word_1_58' title='bbox 254 1345 345 1390; x_wconf 86' lang='lat' dir='ltr'>Pro</span> <span class='ocrx_word' id='word_1_59' title='bbox 364 1345 446 1390; x_wconf 87' lang='lat' dir='ltr'>Dii</span> <span class='ocrx_word' id='word_1_60' title='bbox 469 1346 739 1392; x_wconf 83' lang='lat' dir='ltr'>inmortales</span> <span class='ocrx_word' id='word_1_61' title='bbox 753 1380 765 1402; x_wconf 83' lang='grc'>,</span> <span class='ocrx_word' id='word_1_62' title='bbox 795 1348 914 1392; x_wconf 87' lang='lat' dir='ltr'>mihi</span> <span class='ocrx_word' id='word_1_63' title='bbox 935 1348 1065 1392; x_wconf 90' lang='lat' dir='ltr'>hunc</span> <span class='ocrx_word' id='word_1_64' title='bbox 1096 1345 1225 1391; x_wconf 90' lang='lat' dir='ltr'>diem</span> <span class='ocrx_word' id='word_1_65' title='bbox 1249 1342 1436 1394; x_wconf 84' lang='lat' dir='ltr'><strong>dedistis</strong></span> <span class='ocrx_word' id='word_1_66' title='bbox 1454 1342 1532 1387; x_wconf 92' lang='lat' dir='ltr'>lu-</span> 
     </span>
     <span class='ocr_line' id='line_1_14' title="bbox 509 1419 786 1464; baseline 0 -1"><span class='ocrx_word' id='word_1_67' title='bbox 509 1419 756 1464; x_wconf 86' lang='lat' dir='ltr'>culentum</span> <span class='ocrx_word' id='word_1_68' title='bbox 777 1419 786 1463; x_wconf 87' lang='lat'>!</span> 
     </span>
    </p>

    <p class='ocr_par' dir='ltr' id='par_1_10' title="bbox 255 1482 1534 1625">
     <span class='ocr_line' id='line_1_15' title="bbox 255 1482 1534 1549; baseline -0.005 -15"><span class='ocrx_word' id='word_1_69' title='bbox 255 1487 321 1534; x_wconf 84' lang='lat' dir='ltr'>Ut</span> <span class='ocrx_word' id='word_1_70' title='bbox 354 1488 569 1545; x_wconf 80' lang='lat' dir='ltr'>facilem,</span> <span class='ocrx_word' id='word_1_71' title='bbox 610 1500 756 1549; x_wconf 88' lang='lat' dir='ltr'>atque</span> <span class='ocrx_word' id='word_1_72' title='bbox 793 1484 1150 1548; x_wconf 80' lang='lat' dir='ltr'>inpetrabilem!</span> <span class='ocrx_word' id='word_1_73' title='bbox 1190 1483 1273 1529; x_wconf 88' lang='lat' dir='ltr'>sed</span> <span class='ocrx_word' id='word_1_74' title='bbox 1303 1499 1390 1547; x_wconf 85' lang='lat' dir='ltr'>ego</span> <span class='ocrx_word' id='word_1_75' title='bbox 1419 1482 1534 1528; x_wconf 83' lang='lat' dir='ltr'>hinc</span> 
     </span>
     <span class='ocr_line' id='line_1_16' title="bbox 508 1562 889 1625; baseline -0.005 -18"><span class='ocrx_word' id='word_1_76' title='bbox 508 1562 706 1625; x_wconf 81' lang='lat' dir='ltr'>migrare</span> <span class='ocrx_word' id='word_1_77' title='bbox 734 1576 857 1607; x_wconf 87' lang='lat' dir='ltr'>cesso</span> <span class='ocrx_word' id='word_1_78' title='bbox 873 1594 889 1616; x_wconf 92' lang='lat'>,</span> 
     </span>
    </p>

    <p class='ocr_par' dir='ltr' id='par_1_11' title="bbox 256 1628 1532 1754">
     <span class='ocr_line' id='line_1_17' title="bbox 256 1628 1532 1696; baseline -0.006 -16"><span class='ocrx_word' id='word_1_79' title='bbox 256 1633 322 1680; x_wconf 85' lang='lat' dir='ltr'>Ut</span> <span class='ocrx_word' id='word_1_80' title='bbox 352 1635 592 1696; x_wconf 85' lang='lat' dir='ltr'>inportem</span> <span class='ocrx_word' id='word_1_81' title='bbox 629 1635 680 1680; x_wconf 88' lang='lat' dir='ltr'>in</span> <span class='ocrx_word' id='word_1_82' title='bbox 720 1634 958 1680; x_wconf 83' lang='lat' dir='ltr'>coloniam</span> <span class='ocrx_word' id='word_1_83' title='bbox 998 1632 1131 1678; x_wconf 91' lang='lat' dir='ltr'>hunc</span> <span class='ocrx_word' id='word_1_84' title='bbox 1168 1628 1376 1691; x_wconf 87' lang='lat' dir='ltr'>auspicio</span> <span class='ocrx_word' id='word_1_85' title='bbox 1415 1642 1532 1674; x_wconf 87' lang='lat' dir='ltr'>con-</span> 
     </span>
     <span class='ocr_line' id='line_1_18' title="bbox 508 1709 761 1754; baseline -0.004 0"><span class='ocrx_word' id='word_1_86' title='bbox 508 1720 721 1754; x_wconf 86' lang='lat' dir='ltr'>meatum</span> <span class='ocrx_word' id='word_1_87' title='bbox 740 1709 761 1753; x_wconf 71' lang='grc' dir='ltr'>Ξ)</span> 
     </span>
    </p>

    <p class='ocr_par' dir='ltr' id='par_1_12' title="bbox 259 1771 1532 1911">
     <span class='ocr_line' id='line_1_19' title="bbox 259 1771 1532 1843; baseline -0.008 -16"><span class='ocrx_word' id='word_1_88' title='bbox 259 1781 379 1827; x_wconf 85' lang='lat' dir='ltr'>Mihi</span> <span class='ocrx_word' id='word_1_89' title='bbox 403 1798 553 1837; x_wconf 85' lang='lat' dir='ltr'>cesso,</span> <span class='ocrx_word' id='word_1_90' title='bbox 583 1799 736 1843; x_wconf 90' lang='lat' dir='ltr'>quom</span> <span class='ocrx_word' id='word_1_91' title='bbox 765 1794 851 1828; x_wconf 88' lang='lat' dir='ltr'>sto.</span> <span class='ocrx_word' id='word_1_92' title='bbox 875 1780 956 1827; x_wconf 85' lang='lat' dir='ltr'>sed</span> <span class='ocrx_word' id='word_1_93' title='bbox 979 1778 1100 1841; x_wconf 91' lang='lat' dir='ltr'>quid</span> <span class='ocrx_word' id='word_1_94' title='bbox 1122 1777 1244 1825; x_wconf 83' lang='lat' dir='ltr'>hoc?</span> <span class='ocrx_word' id='word_1_95' title='bbox 1273 1785 1382 1822; x_wconf 87' lang='lat' dir='ltr'>ante</span> <span class='ocrx_word' id='word_1_96' title='bbox 1407 1771 1532 1819; x_wconf 84' lang='lat' dir='ltr'>aedis</span> 
     </span>
     <span class='ocr_line' id='line_1_20' title="bbox 516 1853 857 1911; baseline 0 -12"><span class='ocrx_word' id='word_1_97' title='bbox 516 1853 635 1899; x_wconf 86' lang='lat' dir='ltr'>duos</span> <span class='ocrx_word' id='word_1_98' title='bbox 666 1854 857 1911; x_wconf 83' lang='lat' dir='ltr'>sodalis,</span> 
     </span>
    </p>

    <p class='ocr_par' dir='ltr' id='par_1_13' title="bbox 259 1917 1533 2062">
     <span class='ocr_line' id='line_1_21' title="bbox 259 1917 1533 1987; baseline -0.006 -16"><span class='ocrx_word' id='word_1_99' title='bbox 259 1925 445 1972; x_wconf 86' lang='lat' dir='ltr'>Herum</span> <span class='ocrx_word' id='word_1_100' title='bbox 473 1937 519 1972; x_wconf 87' lang='lat' dir='ltr'>et</span> <span class='ocrx_word' id='word_1_101' title='bbox 538 1927 878 1973; x_wconf 84' lang='lat' dir='ltr'>Chaeribulum</span> <span class='ocrx_word' id='word_1_102' title='bbox 904 1926 1161 1987; x_wconf 86' lang='lat' dir='ltr'>conspicor.</span> <span class='ocrx_word' id='word_1_103' title='bbox 1195 1920 1315 1984; x_wconf 91' lang='lat' dir='ltr'>quid</span> <span class='ocrx_word' id='word_1_104' title='bbox 1339 1920 1415 1966; x_wconf 89' lang='lat' dir='ltr'>hic</span> <span class='ocrx_word' id='word_1_105' title='bbox 1439 1917 1533 1981; x_wconf 78' lang='lat' dir='ltr'>agi-</span> 
     </span>
     <span class='ocr_line' id='line_1_22' title="bbox 511 2001 988 2062; baseline -0.002 -16"><span class='ocrx_word' id='word_1_106' title='bbox 511 2002 603 2046; x_wconf 82' lang='lat' dir='ltr'>tis?</span> <span class='ocrx_word' id='word_1_107' title='bbox 633 2002 790 2062; x_wconf 84' lang='lat' dir='ltr'>accipe</span> <span class='ocrx_word' id='word_1_108' title='bbox 807 2002 899 2047; x_wconf 91' lang='lat' dir='ltr'>hoc</span> <span class='ocrx_word' id='word_1_109' title='bbox 919 2001 988 2046; x_wconf 88' lang='lat' dir='ltr'>sis.</span> 
     </span>
    </p>
   </div>
   <div class='ocr_carea' id='block_1_6' title="bbox 263 2095 1530 2451">
    <p class='ocr_par' dir='ltr' id='par_1_14' title="bbox 263 2095 1530 2451">
     <span class='ocr_line' id='line_1_23' title="bbox 482 2095 1307 2137; baseline -0.008 -2"><span class='ocrx_word' id='word_1_110' title='bbox 482 2095 1307 2137; x_wconf 81' lang='lat' dir='ltr'>STRATIPPOCLES.</span> 
     </span>
     <span class='ocr_line' id='line_1_24' title="bbox 263 2161 804 2232; baseline -0.004 -24"><span class='ocrx_word' id='word_1_111' title='bbox 263 2163 518 2232; x_wconf 74' lang='lat' dir='ltr'>Quantum</span> <span class='ocrx_word' id='word_1_112' title='bbox 546 2162 622 2207; x_wconf 90' lang='lat' dir='ltr'>hic</span> <span class='ocrx_word' id='word_1_113' title='bbox 655 2161 804 2207; x_wconf 84' lang='lat' dir='ltr'>inest?</span> 
     </span>
     <span class='ocr_line' id='line_1_25' title="bbox 633 2249 1122 2287; baseline -0.011 0"><span class='ocrx_word' id='word_1_114' title='bbox 633 2254 663 2287; x_wconf 85' lang='lat' dir='ltr'><strong>E</strong></span> <span class='ocrx_word' id='word_1_115' title='bbox 699 2254 726 2286; x_wconf 81' lang='lat' dir='ltr'>P</span> <span class='ocrx_word' id='word_1_116' title='bbox 763 2254 783 2285; x_wconf 89' lang='grc' dir='ltr'><strong>Ι</strong></span> <span class='ocrx_word' id='word_1_117' title='bbox 819 2255 854 2287; x_wconf 87' lang='lat' dir='ltr'>D</span> <span class='ocrx_word' id='word_1_118' title='bbox 893 2252 913 2284; x_wconf 92' lang='lat'>1</span> <span class='ocrx_word' id='word_1_119' title='bbox 951 2251 976 2283; x_wconf 80' lang='lat' dir='ltr'>G</span> <span class='ocrx_word' id='word_1_120' title='bbox 1013 2251 1048 2283; x_wconf 86' lang='lat' dir='ltr'>U</span> <span class='ocrx_word' id='word_1_121' title='bbox 1085 2249 1122 2282; x_wconf 91' lang='grc'>5.</span> 
     </span>
     <span class='ocr_line' id='line_1_26' title="bbox 521 2308 1530 2383; baseline -0.008 -23"><span class='ocrx_word' id='word_1_122' title='bbox 521 2315 775 2383; x_wconf 73' lang='lat' dir='ltr'>Quantum</span> <span class='ocrx_word' id='word_1_123' title='bbox 790 2324 856 2359; x_wconf 84' lang='lat' dir='ltr'>sat</span> <span class='ocrx_word' id='word_1_124' title='bbox 875 2323 962 2368; x_wconf 87' lang='lat' dir='ltr'>est,</span> <span class='ocrx_word' id='word_1_125' title='bbox 988 2322 1034 2356; x_wconf 88' lang='lat' dir='ltr'>et</span> <span class='ocrx_word' id='word_1_126' title='bbox 1051 2311 1157 2371; x_wconf 88' lang='lat' dir='ltr'>plus</span> <span class='ocrx_word' id='word_1_127' title='bbox 1180 2310 1304 2355; x_wconf 84' lang='lat' dir='ltr'>satis:</span> <span class='ocrx_word' id='word_1_128' title='bbox 1322 2308 1530 2369; x_wconf 80' lang='lat' dir='ltr'>supersit.</span> 
     </span>
     <span class='ocr_line' id='line_1_27' title="bbox 263 2382 1530 2451; baseline -0.006 -16"><span class='ocrx_word' id='word_1_129' title='bbox 263 2388 443 2435; x_wconf 87' lang='lat' dir='ltr'>Decem</span> <span class='ocrx_word' id='word_1_130' title='bbox 468 2390 607 2435; x_wconf 86' lang='lat' dir='ltr'>minis</span> <span class='ocrx_word' id='word_1_131' title='bbox 624 2390 730 2451; x_wconf 89' lang='lat' dir='ltr'>plus</span> <span class='ocrx_word' id='word_1_132' title='bbox 748 2388 909 2446; x_wconf 81' lang='lat' dir='ltr'>attuli,</span> <span class='ocrx_word' id='word_1_133' title='bbox 952 2401 1097 2448; x_wconf 81' lang='lat' dir='ltr'>quam</span> <span class='ocrx_word' id='word_1_134' title='bbox 1124 2396 1180 2431; x_wconf 89' lang='lat' dir='ltr'>tu</span> <span class='ocrx_word' id='word_1_135' title='bbox 1201 2384 1419 2430; x_wconf 80' lang='lat' dir='ltr'>Danistae</span> <span class='ocrx_word' id='word_1_136' title='bbox 1447 2382 1530 2428; x_wconf 77' lang='lat' dir='ltr'>de-</span> 
     </span>
    </p>
   </div>
   <div class='ocr_carea' id='block_1_7' title="bbox 516 2466 613 2512">
    <p class='ocr_par' dir='ltr' id='par_1_15' title="bbox 516 2466 613 2512">
     <span class='ocr_line' id='line_1_28' title="bbox 516 2466 613 2512; baseline -0.024 0"><span class='ocrx_word' id='word_1_137' title='bbox 516 2466 613 2512; x_wconf 90' lang='lat' dir='ltr'>bes.</span> 
     </span>
    </p>
   </div>
  </div>
 </body>
</html>
