1618 2866
87 189 216 234 §.43
372 172 660 222 ACTUS
714 175 834 222 111.
879 173 982 223 SC.
1034 175 1071 221 Ι.
1267 176 1364 221 601'

505 293 528 326 s
564 293 599 327 Α
636 293 669 326 Τ
704 293 738 326 u
774 294 808 327 R
840 294 863 328 1
900 294 946 327 ο.

90 352 301 400 Malusne
331 367 419 415 ego
444 352 584 397 sum?

575 437 614 471 V
648 437 670 470 1
703 437 738 470 R
773 436 807 469 G
843 437 893 470 O.

348 499 461 546 Non
488 515 558 545 ωε
591 515 750 560 neque
780 515 860 544 me
887 498 1087 562 dignum
1104 499 1158 545 ’st
1186 499 1364 546 dicere:

96 571 279 620 Verum
305 574 349 620 ei
371 574 438 620 rei
467 588 663 634 operam
685 571 750 618 do
764 606 781 629 ,
803 587 866 618 ne
883 572 959 617 alii
983 572 1142 618 dicant
1158 607 1172 630 ‚
1192 573 1367 633 quibus

261 651 269 656 ”
342 647 465 692 licet.

511 722 534 755 s
571 722 603 755 A
642 723 674 756 ἰ’
710 723 746 756 u
783 723 817 756 R
852 724 872 756 1
909 724 954 757 ο.

92 783 232 830 Dicat
247 816 262 839 ,
287 782 422 843 quod
449 781 649 843 quisque
668 783 792 829 volt:
832 799 919 848 ego
948 783 1009 830 de
1026 783 1112 829 hac
1137 779 1367 828 sententia

95 854 209 901 Non
235 854 543 901 demovebor.

569 931 607 965 v
643 931 664 964 1
699 933 733 965 R
755 931 802 972 ,G
840 933 888 966 o.

569 990 634 1037 At
650 1025 663 1047 ,
690 1008 799 1037 meo
826 992 860 1036 si
883 992 1020 1037 liceat
1046 992 1197 1038 modo
1215 1025 1232 1048 ,

94 1063 334 1126 Sapienter
364 1065 523 1126 potius
558 1063 690 1110 facias
710 1100 725 1122 ,
757 1082 902 1126 quam
929 1066 1086 1112 stulte.

517 1157 957 1191 SATURIO.

1126 1208 1296 1255 Lubet.

575 1287 893 1321 VIRGO.

98 1347 288 1393 Lubere
318 1363 404 1407 per
435 1362 515 1391 me
544 1346 633 1391 tibi
666 1347 805 1392 licere
828 1348 1080 1411 intellego:

100 1417 281 1464 Verum
301 1417 464 1463 lubere
499 1417 628 1463 haud
652 1418 839 1476 lubeat,
874 1419 909 1464 si
935 1420 1070 1463 liceat
1093 1418 1224 1465 mihi.

516 1503 539 1536 S
575 1504 609 1537 A
647 1504 679 1537 T
713 1505 748 1537 U
784 1506 817 1538 R
851 1506 872 1537 Ι
911 1506 958 1537 Ο.

97 1561 274 1609 Futura
301 1579 348 1610 es
379 1563 509 1610 dicto
538 1563 792 1621 obediens,
823 1581 884 1610 an
910 1554 1043 1623 hon,
1070 1566 1222 1628 patri?

579 1651 616 1684 v
654 1651 675 1684 1
709 1653 743 1685 R
780 1652 812 1685 G
849 1652 899 1685 o.

102 1699 291 1746 Futura.
667 1719 681 1722 κ’

520 1779 542 1812 s
578 1780 613 1813 A
649 1774 750 1814 ΤΘΗ
785 1783 821 1816 R
853 1782 875 1815 1
910 1783 956 1816 ο.

324 1837 417 1885 Scis
445 1857 557 1887 nam
575 1876 590 1899 ‚
623 1842 712 1889 tibi
738 1859 861 1904 quae
893 1844 1148 1906 praecepi?

584 1927 621 1962 V
656 1927 678 1960 I
712 1929 746 1962 R
781 1928 815 1961 G
852 1930 899 1963 Ο.

1186 1981 1374 2027 Omnia.

510 2054 533 2087 s
569 2055 603 2088 A
639 2056 671 2088 Τ
708 2056 743 2088 U
779 2057 812 2089 R
846 2058 868 2090 1
903 2058 950 2090 o.

97 2109 167 2155 'Et
195 2109 247 2155 id
262 2144 276 2168 ,
310 2122 366 2158 ut
394 2103 615 2175 sslbrepta
647 2115 822 2160 fueris?

579 2200 617 2234 V
653 2201 675 2233 Ι
710 2202 744 2235 R
780 2199 813 2232 G
850 2201 900 2233 Ο.

837 2260 995 2307 Docte
1023 2263 1181 2309 calleo.

526 2342 549 2375 s
586 2341 621 2374 A
658 2341 689 2373 T
724 2341 761 2374 U
795 2344 829 2378 R
862 2345 884 2378 1
920 2345 965 2379 o.

107 2394 170 2441 Et
199 2395 284 2458 qui
311 2409 523 2459 pauentes
549 2400 723 2447 fuerint
738 2402 762 2448 Ρ
