1618 2866
76 183 180 220 mn
378 166 668 215 ACTUS
729 168 855 214 111.
910 136 1025 216 sc.
1074 169 1110 215 1.
1275 172 1373 239 38⁷.

74 276 233 329 Sinite
254 290 335 322 me
361 276 491 338 prius
517 285 842 337 prospectare,
873 290 937 321 ne
958 276 1142 338 uspiam
1169 276 1366 326 insidiae

334 349 454 395 sient
469 382 484 406 ,

84 422 355 469 Concilium
389 419 526 482 quod
555 418 728 465 habere
758 417 998 465 volumus.
1034 434 1148 466 nam
1179 435 1281 482 opu
1313 421 1370 469 'st

335 509 468 540 nunc
495 503 605 539 tuto
637 493 773 547 loco,

42 580 52 586 ·
79 563 226 615 *Unde
252 565 472 627 inimicus
498 581 561 612 ne
590 563 696 627 quis
718 563 886 609 nostris
910 564 1059 625 spolia
1083 566 1235 627 capiat
1257 582 1372 614 con-

79 629 83 632 *
333 639 468 684 siliis:

86 711 215 758 Nam
245 711 371 758 bene
403 712 709 769 consultum,
738 710 1068 757 inconsultum
1092 711 1146 758 ’st
1166 746 1181 770 ,
1211 713 1249 758 si
1281 713 1371 759 ini-

334 786 467 833 micis
499 786 557 831 sit
585 785 719 834 usui·

81 859 256 922 Neque
282 871 442 923 potest
457 894 472 918 ,
491 859 639 921 quin,
664 859 701 905 si
728 858 812 904 id
800 861 1002 908 inimicis
1025 861 1132 908 usui
1148 862 1228 920 'st‚
1246 862 1371 910 obsit

338 934 471 980 mihi.

82 1007 209 1054 Nam
229 1008 422 1054 bonum
445 1007 697 1054 consilium
723 1008 985 1070 subripitur
1012 1005 1325 1071 saepissume,

84 1079 136 1127 Si
167 1080 327 1127 minus
359 1097 472 1126 cum
504 1097 615 1127 cura
645 1092 729 1127 aut
752 1093 854 1128 cate
887 1083 1020 1129 locus
1044 1083 1279 1144 loquendi
1301 1085 1372 1130 le-

341 1165 443 1200 ctus
475 1166 555 1199 est.

86 1226 288 1293 Quippe
317 1225 354 1271 si
382 1227 649 1273 resciverint
679 1227 859 1274 inimici
885 1227 1135 1274 consilium
1161 1239 1337 1288 tuum,
1410 1274 1428 1294 ⁶

84 1298 282 1364 Tuopte
306 1299 396 1346 tibi
414 1293 612 1346 consilio
632 1300 896 1346 occludunt
912 1300 1130 1364 linguam
1144 1334 1159 1358 ,
1182 1312 1231 1346 et
1252 1316 1366 1347 con-

337 1374 574 1438 stringunt
603 1391 796 1421 manus:

84 1444 258 1508 Atque*
277 1446 444 1493 eadem
460 1482 475 1505 ‚
506 1464 629 1509 quae
654 1449 742 1495 illis
772 1449 967 1496 voluisti
981 1448 1134 1496 facere
1148 1484 1162 1506 ,
1182 1448 1366 1497 faciunt

345 1521 448 1567 tibi.
1226 1574 1231 1578 ,

85 1591 179 1641 Sed
208 1593 513 1655 speculabor,
546 1607 609 1636 ne
641 1591 747 1652 quis
778 1602 862 1637 aut
894 1592 1006 1638 hinc
1036 1608 1064 1637 a
1094 1593 1225 1640 laeva
1240 1628 1254 1650 ,
1284 1605 1368 1640 aut

338 1682 366 1711 a
393 1665 585 1710 dextera

81 1737 255 1784 Nostro
279 1738 475 1785 consilio
514 1747 711 1783 venator
744 1735 848 1781 assit
878 1752 992 1784 cum
1021 1738 1179 1784 auritis
1204 1739 1367 1802 plagis.

84 1809 257 1857 Sterilis
285 1811 397 1857 hinc
426 1819 702 1872 prospectus
734 1824 887 1870 usque
916 1808 979 1855 ad
1011 1810 1231 1856 ultimam
1262 1812 1368 1872 pla⁴

338 1895 467 1929 team
491 1894 559 1928 est
582 1881 747 1943 probe.

90 1952 335 2004 Evooebo·
355 1958 473 2003 heus
488 1956 895 2016 Periplectomene
913 1969 962 2004 et
974 1956 1210 2004 Pleusides
1222 1990 1236 2015 ,
1256 1972 1366 2019 pro-

343 2028 607 2093 gredimini.

249 2135 1221 2172 PERIPLEGTOMENES.

89 2201 211 2249 Ecce
238 2216 325 2249 nos
344 2203 433 2249 tibi
458 2203 737 2249 obedientis.

412 2311 441 2344 P
474 2312 511 2346 A
542 2312 576 2347 1.
608 2313 645 2346 A
679 2312 710 2345 E
748 2311 771 2346 S
808 2311 839 2344 T
874 2313 909 2346 R
942 2311 965 2344 1
1001 2312 1050 2345 Ο.

581 2380 732 2428 Facile
754 2382 810 2428 ’st
838 2381 1095 2442 imperium
1125 2379 1176 2423 in
1207 2377 1359 2425 boniS.

983 2458 1079 2504 Bb
1110 2471 1136 2505 2
