<?xml version="1.0" encoding="UTF-8"?>
<!DOCTYPE html PUBLIC "-//W3C//DTD XHTML 1.0 Transitional//EN"
    "http://www.w3.org/TR/xhtml1/DTD/xhtml1-transitional.dtd">
<html xmlns="http://www.w3.org/1999/xhtml" xml:lang="en" lang="en">
 <head>
  <title>
</title>
<meta http-equiv="Content-Type" content="text/html;charset=utf-8" />
  <meta name='ocr-system' content='tesseract 3.04.00' />
  <meta name='ocr-capabilities' content='ocr_page ocr_carea ocr_par ocr_line ocrx_word'/>
</head>
<body>
  <div class='ocr_page' id='page_1' title='image "./comoediaesuperst02plauuoft_0389.png"; bbox 0 0 1618 2866; ppageno 0'>
   <div class='ocr_carea' id='block_1_1' title="bbox 57 169 1332 234">
    <p class='ocr_par' dir='ltr' id='par_1_1' title="bbox 57 169 1332 234">
     <span class='ocr_line' id='line_1_1' title="bbox 57 169 1332 234; baseline -0.01 -6"><span class='ocrx_word' id='word_1_1' title='bbox 57 192 180 234; x_wconf 66' lang='lat' dir='ltr'>mr</span> <span class='ocrx_word' id='word_1_2' title='bbox 326 169 617 221; x_wconf 87' lang='lat' dir='ltr'>ACTUS</span> <span class='ocrx_word' id='word_1_3' title='bbox 666 171 745 217; x_wconf 92' lang='lat'>11.</span> <span class='ocrx_word' id='word_1_4' title='bbox 794 169 901 217; x_wconf 86' lang='lat' dir='ltr'>sc.</span> <span class='ocrx_word' id='word_1_5' title='bbox 952 169 1075 217; x_wconf 72' lang='lat' dir='ltr'>vr„</span> <span class='ocrx_word' id='word_1_6' title='bbox 1230 169 1332 230; x_wconf 63' lang='lat'>3813</span> 
     </span>
    </p>
   </div>
   <div class='ocr_carea' id='block_1_2' title="bbox 51 227 1402 1436">
    <p class='ocr_par' dir='ltr' id='par_1_2' title="bbox 51 227 1402 1436">
     <span class='ocr_line' id='line_1_2' title="bbox 1332 227 1402 246; baseline 0 0"><span class='ocrx_word' id='word_1_7' title='bbox 1332 227 1339 231; x_wconf 83' lang='lat'>&#39;</span> <span class='ocrx_word' id='word_1_8' title='bbox 1365 229 1402 246; x_wconf 50' lang='lat' dir='ltr'>N</span> 
     </span>
     <span class='ocr_line' id='line_1_3' title="bbox 56 275 1337 344; baseline -0.007 -14"><span class='ocrx_word' id='word_1_9' title='bbox 56 282 354 344; x_wconf 85' lang='lat' dir='ltr'>Amplexum</span> <span class='ocrx_word' id='word_1_10' title='bbox 370 314 386 338; x_wconf 90' lang='lat'>,</span> <span class='ocrx_word' id='word_1_11' title='bbox 412 280 613 326; x_wconf 84' lang='lat' dir='ltr'>amicam</span> <span class='ocrx_word' id='word_1_12' title='bbox 639 294 791 339; x_wconf 92' lang='lat' dir='ltr'>quom</span> <span class='ocrx_word' id='word_1_13' title='bbox 820 275 1115 324; x_wconf 81' lang='lat' dir='ltr'>osculabatur</span> <span class='ocrx_word' id='word_1_14' title='bbox 1132 291 1293 328; x_wconf 74' lang='lat' dir='ltr'>suam:</span> <span class='ocrx_word' id='word_1_15' title='bbox 1335 319 1337 321; x_wconf 87' lang='lat'>.</span> 
     </span>
     <span class='ocr_line' id='line_1_4' title="bbox 59 350 1329 427; baseline -0.006 -25"><span class='ocrx_word' id='word_1_16' title='bbox 59 355 312 427; x_wconf 75' lang='lat' dir='ltr'><strong>Quodque</strong></span> <span class='ocrx_word' id='word_1_17' title='bbox 354 353 675 400; x_wconf 85' lang='lat' dir='ltr'>concubinam</span> <span class='ocrx_word' id='word_1_18' title='bbox 711 351 910 398; x_wconf 81' lang='lat' dir='ltr'>herilem</span> <span class='ocrx_word' id='word_1_19' title='bbox 939 350 1208 397; x_wconf 83' lang='lat' dir='ltr'>insimulare</span> <span class='ocrx_word' id='word_1_20' title='bbox 1243 366 1329 395; x_wconf 81' lang='lat' dir='ltr'>au-</span> 
     </span>
     <span class='ocr_line' id='line_1_5' title="bbox 308 442 463 472; baseline -0.006 -1"><span class='ocrx_word' id='word_1_21' title='bbox 308 443 382 472; x_wconf 87' lang='lat' dir='ltr'>sus</span> <span class='ocrx_word' id='word_1_22' title='bbox 416 442 463 470; x_wconf 88' lang='lat' dir='ltr'>es</span> 
     </span>
     <span class='ocr_line' id='line_1_6' title="bbox 59 493 1131 561; baseline -0.006 -14"><span class='ocrx_word' id='word_1_23' title='bbox 59 500 251 557; x_wconf 89' lang='lat' dir='ltr'>Probri‚</span> <span class='ocrx_word' id='word_1_24' title='bbox 281 497 531 561; x_wconf 87' lang='lat' dir='ltr'>pudicam,</span> <span class='ocrx_word' id='word_1_25' title='bbox 554 510 732 557; x_wconf 90' lang='lat' dir='ltr'>meque</span> <span class='ocrx_word' id='word_1_26' title='bbox 758 493 934 540; x_wconf 86' lang='lat' dir='ltr'>summi</span> <span class='ocrx_word' id='word_1_27' title='bbox 959 493 1131 560; x_wconf 82' lang='lat' dir='ltr'>flagiti.</span> 
     </span>
     <span class='ocr_line' id='line_1_7' title="bbox 60 563 1328 632; baseline -0.003 -14"><span class='ocrx_word' id='word_1_28' title='bbox 60 563 193 618; x_wconf 90' lang='lat' dir='ltr'>Tum</span> <span class='ocrx_word' id='word_1_29' title='bbox 217 570 355 632; x_wconf 90' lang='lat' dir='ltr'>quod</span> <span class='ocrx_word' id='word_1_30' title='bbox 374 567 622 616; x_wconf 80' lang='lat' dir='ltr'>tractavisti</span> <span class='ocrx_word' id='word_1_31' title='bbox 641 566 875 628; x_wconf 88' lang='lat' dir='ltr'>hospitam</span> <span class='ocrx_word' id='word_1_32' title='bbox 900 579 1010 613; x_wconf 89' lang='lat' dir='ltr'>ante</span> <span class='ocrx_word' id='word_1_33' title='bbox 1032 568 1156 614; x_wconf 86' lang='lat' dir='ltr'>aedis</span> <span class='ocrx_word' id='word_1_34' title='bbox 1176 583 1328 614; x_wconf 85' lang='lat' dir='ltr'>meas:</span> 
     </span>
     <span class='ocr_line' id='line_1_8' title="bbox 60 639 1242 704; baseline -0.003 -14"><span class='ocrx_word' id='word_1_35' title='bbox 60 644 160 690; x_wconf 90' lang='lat' dir='ltr'>Nisi</span> <span class='ocrx_word' id='word_1_36' title='bbox 186 644 255 689; x_wconf 88' lang='lat' dir='ltr'>mi</span> <span class='ocrx_word' id='word_1_37' title='bbox 285 641 570 704; x_wconf 89' lang='lat' dir='ltr'>supplicium</span> <span class='ocrx_word' id='word_1_38' title='bbox 598 640 872 686; x_wconf 88' lang='lat' dir='ltr'>stimuleum</span> <span class='ocrx_word' id='word_1_39' title='bbox 906 639 967 686; x_wconf 91' lang='lat' dir='ltr'>de</span> <span class='ocrx_word' id='word_1_40' title='bbox 998 651 1046 686; x_wconf 91' lang='lat' dir='ltr'>te</span> <span class='ocrx_word' id='word_1_41' title='bbox 1073 640 1242 698; x_wconf 86' lang='lat' dir='ltr'>datur,</span> 
     </span>
     <span class='ocr_line' id='line_1_9' title="bbox 61 711 1204 778; baseline -0.006 -13"><span class='ocrx_word' id='word_1_42' title='bbox 61 716 318 765; x_wconf 85' lang='lat' dir='ltr'>Dedecoris</span> <span class='ocrx_word' id='word_1_43' title='bbox 342 715 609 778; x_wconf 88' lang='lat' dir='ltr'>pleniorem</span> <span class='ocrx_word' id='word_1_44' title='bbox 640 713 810 758; x_wconf 90' lang='lat' dir='ltr'>herum</span> <span class='ocrx_word' id='word_1_45' title='bbox 839 711 1005 759; x_wconf 87' lang='lat' dir='ltr'>faciam</span> <span class='ocrx_word' id='word_1_46' title='bbox 1028 725 1169 760; x_wconf 90' lang='lat' dir='ltr'>tuum</span> <span class='ocrx_word' id='word_1_47' title='bbox 1189 747 1204 771; x_wconf 91' lang='lat'><strong>,</strong></span> 
     </span>
     <span class='ocr_line' id='line_1_10' title="bbox 63 785 1330 860; baseline -0.002 -24"><span class='ocrx_word' id='word_1_48' title='bbox 63 790 227 860; x_wconf 74' lang='lat' dir='ltr'>Quam</span> <span class='ocrx_word' id='word_1_49' title='bbox 250 803 424 852; x_wconf 89' lang='lat' dir='ltr'>magno</span> <span class='ocrx_word' id='word_1_50' title='bbox 450 796 597 833; x_wconf 91' lang='lat' dir='ltr'>vento</span> <span class='ocrx_word' id='word_1_51' title='bbox 623 785 827 846; x_wconf 90' lang='lat' dir='ltr'>plenum</span> <span class='ocrx_word' id='word_1_52' title='bbox 849 785 904 830; x_wconf 92' lang='lat' dir='ltr'>’st</span> <span class='ocrx_word' id='word_1_53' title='bbox 926 785 1166 832; x_wconf 87' lang='lat' dir='ltr'>undarum</span> <span class='ocrx_word' id='word_1_54' title='bbox 1189 801 1330 834; x_wconf 86' lang='lat' dir='ltr'>mare.</span> 
     </span>
     <span class='ocr_line' id='line_1_11' title="bbox 411 876 988 911; baseline -0.002 0"><span class='ocrx_word' id='word_1_55' title='bbox 411 878 434 911; x_wconf 94' lang='lat' dir='ltr'>s</span> <span class='ocrx_word' id='word_1_56' title='bbox 470 878 496 910; x_wconf 90' lang='lat' dir='ltr'>c</span> <span class='ocrx_word' id='word_1_57' title='bbox 533 877 564 910; x_wconf 80' lang='grc' dir='ltr'>Ε</span> <span class='ocrx_word' id='word_1_58' title='bbox 600 876 630 910; x_wconf 88' lang='lat' dir='ltr'>L</span> <span class='ocrx_word' id='word_1_59' title='bbox 667 877 698 909; x_wconf 80' lang='grc' dir='ltr'>Ε</span> <span class='ocrx_word' id='word_1_60' title='bbox 736 877 771 909; x_wconf 87' lang='grc'>1)</span> <span class='ocrx_word' id='word_1_61' title='bbox 808 877 841 910; x_wconf 81' lang='lat' dir='ltr'>R</span> <span class='ocrx_word' id='word_1_62' title='bbox 878 876 913 909; x_wconf 84' lang='lat' dir='ltr'>U</span> <span class='ocrx_word' id='word_1_63' title='bbox 950 877 988 910; x_wconf 91' lang='lat' dir='ltr'>s.</span> 
     </span>
     <span class='ocr_line' id='line_1_12' title="bbox 51 936 1289 996; baseline -0.002 -10"><span class='ocrx_word' id='word_1_64' title='bbox 51 941 124 986; x_wconf 89' lang='lat' dir='ltr'>Ita</span> <span class='ocrx_word' id='word_1_65' title='bbox 154 956 261 986; x_wconf 88' lang='lat' dir='ltr'>sum</span> <span class='ocrx_word' id='word_1_66' title='bbox 291 949 506 994; x_wconf 89' lang='lat' dir='ltr'>coactus,</span> <span class='ocrx_word' id='word_1_67' title='bbox 531 936 966 996; x_wconf 85' lang='lat' dir='ltr'>Periplectomene,</span> <span class='ocrx_word' id='word_1_68' title='bbox 998 947 1054 982; x_wconf 91' lang='lat' dir='ltr'>ut</span> <span class='ocrx_word' id='word_1_69' title='bbox 1084 937 1289 984; x_wconf 87' lang='lat' dir='ltr'>nesciam</span> 
     </span>
     <span class='ocr_line' id='line_1_13' title="bbox 51 1004 1279 1072; baseline -0.004 -11"><span class='ocrx_word' id='word_1_70' title='bbox 51 1013 287 1060; x_wconf 86' lang='lat' dir='ltr'>Utrumne</span> <span class='ocrx_word' id='word_1_71' title='bbox 314 1004 550 1072; x_wconf 83' lang='lat' dir='ltr'>postulare</span> <span class='ocrx_word' id='word_1_72' title='bbox 581 1009 710 1070; x_wconf 90' lang='lat' dir='ltr'>prius</span> <span class='ocrx_word' id='word_1_73' title='bbox 742 1020 903 1054; x_wconf 87' lang='lat' dir='ltr'>tecum</span> <span class='ocrx_word' id='word_1_74' title='bbox 928 1026 1139 1071; x_wconf 87' lang='lat' dir='ltr'>aequom</span> <span class='ocrx_word' id='word_1_75' title='bbox 1165 1011 1279 1069; x_wconf 88' lang='lat' dir='ltr'>siet,</span> 
     </span>
     <span class='ocr_line' id='line_1_14' title="bbox 53 1080 1216 1146; baseline -0.004 -14"><span class='ocrx_word' id='word_1_76' title='bbox 53 1085 132 1132; x_wconf 91' lang='lat' dir='ltr'>An</span> <span class='ocrx_word' id='word_1_77' title='bbox 162 1101 241 1131; x_wconf 92' lang='lat' dir='ltr'>me</span> <span class='ocrx_word' id='word_1_78' title='bbox 264 1098 521 1146; x_wconf 81' lang='lat' dir='ltr'>expurgare</span> <span class='ocrx_word' id='word_1_79' title='bbox 545 1081 622 1126; x_wconf 91' lang='lat' dir='ltr'>hic</span> <span class='ocrx_word' id='word_1_80' title='bbox 643 1081 733 1126; x_wconf 87' lang='lat' dir='ltr'>tibi</span> <span class='ocrx_word' id='word_1_81' title='bbox 761 1080 975 1127; x_wconf 90' lang='lat' dir='ltr'>videatur</span> <span class='ocrx_word' id='word_1_82' title='bbox 995 1082 1190 1143; x_wconf 90' lang='lat' dir='ltr'>aequius</span> <span class='ocrx_word' id='word_1_83' title='bbox 1203 1102 1216 1133; x_wconf 89' lang='lat'><strong>;</strong></span> 
     </span>
     <span class='ocr_line' id='line_1_15' title="bbox 52 1153 1279 1213; baseline -0.001 -11"><span class='ocrx_word' id='word_1_84' title='bbox 52 1156 154 1202; x_wconf 84' lang='lat' dir='ltr'>Nisi</span> <span class='ocrx_word' id='word_1_85' title='bbox 187 1156 324 1201; x_wconf 88' lang='lat' dir='ltr'>istaec</span> <span class='ocrx_word' id='word_1_86' title='bbox 356 1170 457 1199; x_wconf 90' lang='lat' dir='ltr'>non</span> <span class='ocrx_word' id='word_1_87' title='bbox 481 1164 548 1198; x_wconf 87' lang='lat' dir='ltr'>est</span> <span class='ocrx_word' id='word_1_88' title='bbox 580 1153 720 1209; x_wconf 88' lang='lat' dir='ltr'>haec,</span> <span class='ocrx_word' id='word_1_89' title='bbox 748 1168 910 1213; x_wconf 90' lang='lat' dir='ltr'>neque</span> <span class='ocrx_word' id='word_1_90' title='bbox 937 1154 1021 1200; x_wconf 88' lang='lat' dir='ltr'>ista</span> <span class='ocrx_word' id='word_1_91' title='bbox 1040 1155 1098 1200; x_wconf 88' lang='lat' dir='ltr'>sit</span> <span class='ocrx_word' id='word_1_92' title='bbox 1128 1156 1279 1201; x_wconf 84' lang='lat' dir='ltr'>mihi:</span> 
     </span>
     <span class='ocr_line' id='line_1_16' title="bbox 54 1227 1116 1287; baseline -0.001 -12"><span class='ocrx_word' id='word_1_93' title='bbox 54 1229 188 1276; x_wconf 90' lang='lat' dir='ltr'>Sicut</span> <span class='ocrx_word' id='word_1_94' title='bbox 220 1229 362 1275; x_wconf 88' lang='lat' dir='ltr'>etiam</span> <span class='ocrx_word' id='word_1_95' title='bbox 391 1244 522 1273; x_wconf 90' lang='lat' dir='ltr'>nunc</span> <span class='ocrx_word' id='word_1_96' title='bbox 553 1227 709 1272; x_wconf 90' lang='lat' dir='ltr'>nescio</span> <span class='ocrx_word' id='word_1_97' title='bbox 735 1227 856 1287; x_wconf 83' lang='lat' dir='ltr'>quid</span> <span class='ocrx_word' id='word_1_98' title='bbox 885 1227 1116 1274; x_wconf 85' lang='lat' dir='ltr'>viderim:</span> 
     </span>
     <span class='ocr_line' id='line_1_17' title="bbox 52 1299 1103 1364; baseline -0.003 -15"><span class='ocrx_word' id='word_1_99' title='bbox 52 1303 126 1349; x_wconf 87' lang='lat' dir='ltr'>Ita</span> <span class='ocrx_word' id='word_1_100' title='bbox 153 1312 219 1347; x_wconf 92' lang='lat' dir='ltr'>est</span> <span class='ocrx_word' id='word_1_101' title='bbox 245 1301 382 1346; x_wconf 90' lang='lat' dir='ltr'>istaec</span> <span class='ocrx_word' id='word_1_102' title='bbox 416 1301 556 1364; x_wconf 85' lang='lat' dir='ltr'>hujus</span> <span class='ocrx_word' id='word_1_103' title='bbox 589 1299 748 1344; x_wconf 88' lang='lat' dir='ltr'>similis</span> <span class='ocrx_word' id='word_1_104' title='bbox 777 1310 962 1346; x_wconf 87' lang='lat' dir='ltr'>nostrae</span> <span class='ocrx_word' id='word_1_105' title='bbox 986 1312 1068 1346; x_wconf 88' lang='lat' dir='ltr'>tua</span> <span class='ocrx_word' id='word_1_106' title='bbox 1086 1335 1103 1358; x_wconf 89' lang='lat'>,</span> 
     </span>
     <span class='ocr_line' id='line_1_18' title="bbox 55 1372 712 1436; baseline -0.005 -16"><span class='ocrx_word' id='word_1_107' title='bbox 55 1373 305 1436; x_wconf 89' lang='lat' dir='ltr'>Siquidem</span> <span class='ocrx_word' id='word_1_108' title='bbox 334 1389 435 1419; x_wconf 90' lang='lat' dir='ltr'>non</span> <span class='ocrx_word' id='word_1_109' title='bbox 462 1372 629 1418; x_wconf 88' lang='lat' dir='ltr'>eadem</span> <span class='ocrx_word' id='word_1_110' title='bbox 645 1372 712 1417; x_wconf 91' lang='lat' dir='ltr'>’st.</span> 
     </span>
    </p>
   </div>
   <div class='ocr_carea' id='block_1_3' title="bbox 213 1468 1322 1592">
    <p class='ocr_par' dir='ltr' id='par_1_3' title="bbox 213 1468 1322 1592">
     <span class='ocr_line' id='line_1_19' title="bbox 213 1468 1190 1505; baseline 0 -2"><span class='ocrx_word' id='word_1_111' title='bbox 213 1468 1190 1505; x_wconf 81' lang='lat' dir='ltr'>PERIPLECTOMENES.</span> 
     </span>
     <span class='ocr_line' id='line_1_20' title="bbox 566 1526 1322 1592; baseline 0.003 -19"><span class='ocrx_word' id='word_1_112' title='bbox 566 1526 676 1573; x_wconf 90' lang='lat' dir='ltr'>Vise</span> <span class='ocrx_word' id='word_1_113' title='bbox 703 1526 764 1572; x_wconf 92' lang='lat' dir='ltr'>ad</span> <span class='ocrx_word' id='word_1_114' title='bbox 790 1543 868 1571; x_wconf 90' lang='lat' dir='ltr'>me</span> <span class='ocrx_word' id='word_1_115' title='bbox 897 1527 1049 1586; x_wconf 89' lang='lat' dir='ltr'>intro,</span> <span class='ocrx_word' id='word_1_116' title='bbox 1073 1530 1175 1592; x_wconf 87' lang='lat' dir='ltr'>jam</span> <span class='ocrx_word' id='word_1_117' title='bbox 1199 1529 1322 1576; x_wconf 81' lang='lat' dir='ltr'>scies.</span> 
     </span>
    </p>
   </div>
   <div class='ocr_carea' id='block_1_4' title="bbox 52 1617 981 1718">
    <p class='ocr_par' dir='ltr' id='par_1_4' title="bbox 52 1617 981 1718">
     <span class='ocr_line' id='line_1_21' title="bbox 405 1617 981 1666; baseline 0 -15"><span class='ocrx_word' id='word_1_118' title='bbox 405 1617 981 1666; x_wconf 21' lang='lat' dir='ltr'>SHCELEDRUS.</span> 
     </span>
     <span class='ocr_line' id='line_1_22' title="bbox 52 1670 281 1718; baseline -0.009 0"><span class='ocrx_word' id='word_1_119' title='bbox 52 1670 281 1718; x_wconf 87' lang='lat' dir='ltr'>Licetne?</span> 
     </span>
    </p>
   </div>
   <div class='ocr_carea' id='block_1_5' title="bbox 53 1755 1315 2466">
    <p class='ocr_par' dir='ltr' id='par_1_5' title="bbox 53 1755 1315 2466">
     <span class='ocr_line' id='line_1_23' title="bbox 211 1755 1185 1792; baseline 0 0"><span class='ocrx_word' id='word_1_120' title='bbox 211 1755 1185 1792; x_wconf 77' lang='lat' dir='ltr'>PERIPLECTOMENES.</span> 
     </span>
     <span class='ocr_line' id='line_1_24' title="bbox 240 1815 1191 1885; baseline 0.002 -24"><span class='ocrx_word' id='word_1_121' title='bbox 240 1875 248 1878; x_wconf 19' lang='grc' dir='ltr'><strong>ξ</strong></span> <span class='ocrx_word' id='word_1_122' title='bbox 288 1816 424 1885; x_wconf 76' lang='lat' dir='ltr'>Quin</span> <span class='ocrx_word' id='word_1_123' title='bbox 449 1827 497 1861; x_wconf 90' lang='lat' dir='ltr'>te</span> <span class='ocrx_word' id='word_1_124' title='bbox 518 1816 684 1879; x_wconf 89' lang='lat' dir='ltr'>jubeo.</span> <span class='ocrx_word' id='word_1_125' title='bbox 717 1827 765 1861; x_wconf 89' lang='lat' dir='ltr'>at</span> <span class='ocrx_word' id='word_1_126' title='bbox 791 1815 974 1878; x_wconf 86' lang='lat' dir='ltr'>placide</span> <span class='ocrx_word' id='word_1_127' title='bbox 999 1817 1191 1863; x_wconf 83' lang='lat' dir='ltr'>nescita.</span> 
     </span>
     <span class='ocr_line' id='line_1_25' title="bbox 408 1899 979 1934; baseline 0.002 -2"><span class='ocrx_word' id='word_1_128' title='bbox 408 1900 431 1933; x_wconf 90' lang='lat' dir='ltr'>s</span> <span class='ocrx_word' id='word_1_129' title='bbox 468 1900 495 1932; x_wconf 91' lang='lat' dir='ltr'>c</span> <span class='ocrx_word' id='word_1_130' title='bbox 530 1900 561 1932; x_wconf 80' lang='grc' dir='ltr'>Ε</span> <span class='ocrx_word' id='word_1_131' title='bbox 596 1900 628 1933; x_wconf 82' lang='lat' dir='ltr'><strong>L</strong></span> <span class='ocrx_word' id='word_1_132' title='bbox 660 1900 692 1933; x_wconf 80' lang='grc' dir='ltr'>Ε</span> <span class='ocrx_word' id='word_1_133' title='bbox 727 1901 763 1934; x_wconf 89' lang='lat' dir='ltr'>D</span> <span class='ocrx_word' id='word_1_134' title='bbox 798 1901 832 1934; x_wconf 79' lang='lat' dir='ltr'>R</span> <span class='ocrx_word' id='word_1_135' title='bbox 869 1900 905 1933; x_wconf 85' lang='lat' dir='ltr'>U</span> <span class='ocrx_word' id='word_1_136' title='bbox 942 1899 979 1933; x_wconf 88' lang='lat' dir='ltr'>s.</span> 
     </span>
     <span class='ocr_line' id='line_1_26' title="bbox 55 1958 587 2006; baseline -0.004 0"><span class='ocrx_word' id='word_1_137' title='bbox 55 1959 128 2006; x_wconf 85' lang='lat' dir='ltr'>Ita</span> <span class='ocrx_word' id='word_1_138' title='bbox 147 1958 295 2006; x_wconf 85' lang='lat' dir='ltr'>facere</span> <span class='ocrx_word' id='word_1_139' title='bbox 320 1970 503 2005; x_wconf 88' lang='lat' dir='ltr'>certum</span> <span class='ocrx_word' id='word_1_140' title='bbox 520 1959 587 2005; x_wconf 88' lang='lat' dir='ltr'>’st.</span> 
     </span>
     <span class='ocr_line' id='line_1_27' title="bbox 212 2050 1182 2089; baseline 0.004 -6"><span class='ocrx_word' id='word_1_141' title='bbox 212 2050 1182 2089; x_wconf 69' lang='lat' dir='ltr'>PERIPLECTOMENES.</span> 
     </span>
     <span class='ocr_line' id='line_1_28' title="bbox 588 2113 1288 2162; baseline 0.004 -4"><span class='ocrx_word' id='word_1_142' title='bbox 588 2113 720 2158; x_wconf 88' lang='lat' dir='ltr'>Heus</span> <span class='ocrx_word' id='word_1_143' title='bbox 745 2114 1165 2161; x_wconf 87' lang='lat' dir='ltr'>Philocomasium!</span> <span class='ocrx_word' id='word_1_144' title='bbox 1193 2116 1288 2162; x_wconf 90' lang='lat' dir='ltr'>cito</span> 
     </span>
     <span class='ocr_line' id='line_1_29' title="bbox 56 2180 1287 2251; baseline 0.007 -26"><span class='ocrx_word' id='word_1_145' title='bbox 56 2180 335 2227; x_wconf 88' lang='lat' dir='ltr'>Transcurre</span> <span class='ocrx_word' id='word_1_146' title='bbox 366 2183 597 2230; x_wconf 84' lang='lat' dir='ltr'>curriculo</span> <span class='ocrx_word' id='word_1_147' title='bbox 628 2184 689 2230; x_wconf 89' lang='lat' dir='ltr'>ad</span> <span class='ocrx_word' id='word_1_148' title='bbox 716 2201 803 2230; x_wconf 88' lang='lat' dir='ltr'>nos</span> <span class='ocrx_word' id='word_1_149' title='bbox 817 2220 832 2243; x_wconf 91' lang='lat'>,</span> <span class='ocrx_word' id='word_1_150' title='bbox 863 2187 927 2232; x_wconf 86' lang='lat' dir='ltr'>ita</span> <span class='ocrx_word' id='word_1_151' title='bbox 950 2188 1199 2251; x_wconf 89' lang='lat' dir='ltr'>negotium</span> <span class='ocrx_word' id='word_1_152' title='bbox 1219 2189 1287 2234; x_wconf 85' lang='lat' dir='ltr'>’st.</span> 
     </span>
     <span class='ocr_line' id='line_1_30' title="bbox 55 2255 1255 2317; baseline 0.005 -16"><span class='ocrx_word' id='word_1_153' title='bbox 55 2255 194 2311; x_wconf 80' lang='lat' dir='ltr'>Post,</span> <span class='ocrx_word' id='word_1_154' title='bbox 228 2256 422 2315; x_wconf 86' lang='lat' dir='ltr'>quando</span> <span class='ocrx_word' id='word_1_155' title='bbox 453 2258 616 2303; x_wconf 82' lang='lat' dir='ltr'>exierit</span> <span class='ocrx_word' id='word_1_156' title='bbox 645 2258 887 2306; x_wconf 86' lang='lat' dir='ltr'>Sceledrus</span> <span class='ocrx_word' id='word_1_157' title='bbox 913 2277 940 2306; x_wconf 92' lang='lat' dir='ltr'>a</span> <span class='ocrx_word' id='word_1_158' title='bbox 965 2262 1130 2317; x_wconf 88' lang='lat' dir='ltr'>nobis,</span> <span class='ocrx_word' id='word_1_159' title='bbox 1160 2262 1255 2307; x_wconf 90' lang='lat' dir='ltr'>cito</span> 
     </span>
     <span class='ocr_line' id='line_1_31' title="bbox 53 2328 1315 2389; baseline 0.005 -16"><span class='ocrx_word' id='word_1_160' title='bbox 53 2328 377 2374; x_wconf 83' lang='lat' dir='ltr'>Transcunito</span> <span class='ocrx_word' id='word_1_161' title='bbox 405 2329 466 2375; x_wconf 87' lang='lat' dir='ltr'>ad</span> <span class='ocrx_word' id='word_1_162' title='bbox 492 2348 577 2377; x_wconf 82' lang='lat' dir='ltr'>vos</span> <span class='ocrx_word' id='word_1_163' title='bbox 606 2349 791 2379; x_wconf 87' lang='lat' dir='ltr'>rursum</span> <span class='ocrx_word' id='word_1_164' title='bbox 818 2334 1049 2379; x_wconf 84' lang='lat' dir='ltr'>curriculo</span> <span class='ocrx_word' id='word_1_165' title='bbox 1072 2334 1289 2380; x_wconf 87' lang='lat' dir='ltr'>domum.</span> <span class='ocrx_word' id='word_1_166' title='bbox 1310 2380 1315 2389; x_wconf 72' lang='grc'><strong>,</strong></span> 
     </span>
     <span class='ocr_line' id='line_1_32' title="bbox 54 2400 1199 2466; baseline 0.004 -21"><span class='ocrx_word' id='word_1_167' title='bbox 54 2400 198 2447; x_wconf 87' lang='lat' dir='ltr'>Nunc</span> <span class='ocrx_word' id='word_1_168' title='bbox 218 2401 302 2462; x_wconf 93' lang='lat' dir='ltr'>pol</span> <span class='ocrx_word' id='word_1_169' title='bbox 324 2416 412 2465; x_wconf 87' lang='lat' dir='ltr'>ego</span> <span class='ocrx_word' id='word_1_170' title='bbox 437 2413 629 2462; x_wconf 87' lang='lat' dir='ltr'>metuo,</span> <span class='ocrx_word' id='word_1_171' title='bbox 651 2406 867 2466; x_wconf 81' lang='lat' dir='ltr'>nequid</span> <span class='ocrx_word' id='word_1_172' title='bbox 890 2405 1199 2453; x_wconf 81' lang='lat' dir='ltr'>infuscaverit.</span> 
     </span>
    </p>
   </div>
  </div>
 </body>
</html>
