1618 2866
138 204 246 246 ιγ,
428 184 721 234 ACTUS
773 183 811 232 1.
861 183 1130 234 SC.111.
1354 204 1418 253 ¹9

141 293 263 342 Siste
281 309 368 360 ego
384 294 473 341 tibi
491 311 595 351 me,
616 306 664 341 et
687 293 806 340 mihi
829 304 991 341 contra
1014 294 1183 343 itidem
1210 307 1258 344 te
1284 309 1341 345 ut
1363 299 1419 345 si-

393 379 479 414 stas
502 367 691 415 suadeo.

449 459 1127 502 PRAEDVROMUS.

143 529 341 578 Assum:
370 544 482 576 nam
511 529 547 575 si
572 527 747 587 absim,
770 528 902 575 haud
924 545 1135 578 recusem
1159 531 1279 594 quin
1302 533 1422 580 mihi

394 604 519 650 male
538 603 624 660 sit,
646 602 744 648 mel
769 618 946 659 meum.

487 697 1078 733 PLANESIUM.

151 766 325 815 Anime
340 768 408 814 mi
425 800 439 824 ,
462 767 632 829 procul
659 777 899 814 amantem
916 777 964 812 te
982 766 1138 814 abesse
1161 767 1293 815 haud
1314 785 1426 816 con-

396 852 675 886 sentaneum
698 838 767 884 'st.

455 939 484 972 P
521 939 555 971 H
591 939 626 971 A
663 937 765 971 RD
802 939 836 973 R
872 938 904 973 0
941 939 984 974 Μ
1021 940 1057 974 U
1097 940 1136 976 S.

146 1003 390 1062 Palmum,
417 1004 649 1051 Palinure.

480 1105 508 1137 P
548 1104 647 1138 AL
685 1103 777 1138 IN
814 1103 992 1150 trau
1030 1106 1070 1140 s.

405 1171 658 1233 Eloquere.
694 1171 816 1233 quid
852 1183 948 1230 est,
980 1174 1117 1235 quod
1150 1175 1428 1230 Palinurum

561 1265 571 1275 =
1125 1252 1297 1297 voces?

451 1337 481 1371 P
520 1336 556 1371 11
589 1337 625 1371 A
659 1337 689 1372 E
725 1339 761 1373 D
795 1339 830 1374 R
866 1340 899 1374 Ο
935 1340 979 1375 Μ
1017 1340 1054 1374 U
1088 1341 1129 1377 S.

153 1393 235 1441 Est
258 1394 426 1457 lepida.

489 1482 518 1515 P
558 1481 592 1516 A
626 1482 656 1515 L
693 1483 715 1518 1
751 1485 785 1518 N
824 1483 860 1517 U
896 1486 932 1520 R
967 1485 1002 1519 U
1042 1486 1082 1522 S.

311 1547 461 1596 Nimis
478 1550 649 1612 lepida.
1121 1572 1151 1603 ο

451 1642 1209 1689 ΡΗΑΕΒΒΟΜΠ8.,

471 1708 592 1757 Sum
615 1709 758 1758 De‘us.

491 1803 523 1836 P
562 1803 597 1837 A
630 1805 661 1838 1.
698 1807 719 1839 1
757 1807 792 1840 N
830 1806 866 1839 U
902 1808 936 1841 R
971 1808 1008 1841 U
1044 1809 1085 1843 s.

614 1877 773 1924 Immo
795 1878 945 1925 homo
969 1879 1100 1926 haud
1121 1881 1282 1946 magni
1298 1882 1434 1945 preti.

453 1969 1128 2009 PHAEDROMUS.

166 2035 300 2105 Quid
323 2037 504 2095 vidisti,
524 2052 607 2086 aut
635 2041 755 2102 quid
777 2042 958 2089 videbis
985 2044 1129 2110 magis
1146 2045 1247 2092 Diis
1272 2045 1438 2107 aequi-

409 2114 651 2174 pasabile?
702 2159 706 2167 ,

507 2207 535 2239 Ρ
576 2207 607 2240 A
647 2207 676 2241 L
714 2209 735 2241 Ι
770 2210 802 2244 N
840 2210 876 2242 U
911 2211 945 2244 R
980 2210 1015 2243 U
1053 2211 1093 2245 s.

164 2267 294 2317 Male
314 2273 466 2322 valere
490 2286 559 2333 te,
581 2277 716 2337 quod
743 2278 810 2325 mi
837 2296 969 2344 aegre
986 2281 1052 2326 'st.

463 2369 495 2404 P
529 2371 564 2404 Η
597 2372 632 2406 A
666 2373 698 2406 Ε
733 2375 769 2407 D
808 2375 839 2407 R
876 2375 907 2408 o
946 2376 985 2408 M
1022 2373 1058 2405 U
1095 2374 1133 2407 s.

761 2440 886 2488 Male
916 2441 987 2490 mi
1010 2439 1298 2502 morigerus,
1326 2448 1440 2485 tace.

1134 2511 1172 2556 B
1208 2525 1232 2557 ⁴2
