1618 2866
269 160 366 209 '400
493 143 749 192 MILES
791 144 1295 194 GLORIOSUS.
1396 148 1556 204 v.178

274 255 430 302 Fuisse
450 253 662 312 adaeque
676 285 690 308 ,
721 267 883 312 neque
903 250 1123 298 futurum
1143 254 1343 300 credam.
1396 282 1399 283 ν

385 339 1409 383 'PERIPLECTOMENES.

988 407 1144 454 Credo
1163 425 1251 473 ego
1269 409 1388 458 istuc
1412 411 1557 459 idem.

598 495 626 527 P
663 494 699 526 A
734 495 763 527 L
801 494 836 527 A
871 494 900 527 Ε
939 494 960 527 s
1002 495 1034 527 T
1069 497 1103 529 R
1138 496 1159 528 1
1199 496 1249 529 o.

272 558 443 621 Itaque
489 556 747 604 Alexandri
792 569 1021 619 praestare
1067 558 1306 619 praedicat
1355 559 1558 608 formam

527 647 687 677 suam:
1172 694 1175 695 γ

274 709 446 769 Itaque
479 704 632 751 omnis
660 721 707 750 se
740 705 867 750 ultro
896 704 1056 750 sectari
1082 704 1134 750 in
1161 705 1350 766 Epheso
1373 722 1561 753 memo-

527 788 597 822 rat
628 777 861 823 mulieres.

439 862 1424 905 PERIPLECTOMENES.

275 928 464 990 Edepol
493 926 614 986 quin
641 920 688 969 te
714 923 775 970 de
798 922 886 969 isto
913 924 1056 970 multi
1074 924 1280 985 cupiunt
1299 941 1400 970 non
1427 939 1562 970 men-

528 998 683 1044 tirier:
1553 1006 1558 1011 ’

277 1074 372 1121 Sed
391 1090 479 1138 ego
502 1073 566 1118 ita
590 1087 710 1127 esse,
730 1080 786 1116 ut
804 1069 940 1127 dicis,
974 1079 1116 1116 teneo
1140 1070 1355 1132 pulchre.
1389 1070 1530 1131 proin
1545 1102 1562 1127 ,

530 1144 780 1190 Palaestrio
797 1178 812 1201 ‚

277 1223 441 1291 Quam
464 1229 625 1281 poteS,
652 1229 749 1262 tam
778 1217 922 1263 verba
939 1216 1103 1267 confer
1118 1233 1345 1264 maxume
1363 1215 1424 1270 ad
1450 1231 1563 1263 con-

535 1289 785 1351 pendium.
1554 1304 1560 1308 ·

588 1375 616 1406 P
654 1373 689 1406 A
723 1374 754 1406 L
791 1374 825 1406 A
863 1375 893 1406 E
928 1375 953 1408 s
991 1376 1022 1408 T
1059 1377 1092 1410 R
1128 1377 1149 1409 1
1187 1377 1238 1410 o.

279 1440 496 1499 Ecquam
538 1445 595 1481 tu
631 1445 768 1530 potes
813 1437 1015 1495 reperite
1061 1436 1214 1483 forma
1252 1436 1410 1499 lepida
1454 1453 1566 1484 mu·-

530 1508 693 1554 lierem
714 1542 728 1565 ,
796 1537 799 1540 ⁴

281 1583 417 1654 Quoi
439 1581 731 1628 facetiarum
773 1597 855 1628 cor
886 1598 1155 1644 corpusque
1186 1582 1245 1628 sit
1279 1584 1482 1644 plenum
1514 1593 1564 1628 et

536 1653 674 1699 doli?

443 1739 1425 1773 PERIPLECTOMENES.

280 1803 607 1866 Ingenuamne
622 1835 636 1858 ,
658 1817 716 1846 an
744 1801 1011 1847 libertinam
1027 1800 1049 1845 Ρ

387 1883 390 1885 ’
606 1886 635 1918 Ρ
663 1886 707 1918 A
741 1886 771 1918 L
807 1885 843 1918 A
879 1886 908 1918 E
947 1885 968 1919 s
1008 1885 1038 1917 T
1076 1886 1108 1918 R
1145 1886 1166 1919 1
1203 1885 1250 1918 ο.

760 1943 931 2005 Aeque
962 1944 1081 1990 istuc
1111 1943 1261 2001 facio',
1295 1943 1566 2006 dummoglo

283 2007 403 2071 Eam
431 2021 560 2078 des,
574 2027 696 2092 quae
722 2019 779 2065 sit
803 2029 1109 2079 quaestuosa,
1133 2034 1256 2078 quae
1283 2019 1373 2064 alat
1396 2034 1566 2080 corpus

537 2109 757 2154 corpore:

285 2169 540 2238 Quoique
553 2167 697 2227 sapiat
739 2174 932 2231 pectus:
974 2180 1087 2209 nam
1121 2179 1201 2209 cor
1234 2180 1336 2210 non
1373 2173 1563 2227 potest,

540 2230 676 2299 quod
705 2238 836 2282 nulla
864 2235 1020 2281 habet.

447 2318 1426 2358 PERIPLECTOMENES.

164 2421 167 2423 Α
213 2444 218 2449 μ
287 2385 489 2433 Lautam
510 2383 577 2431 vis
591 2418 606 2442 ,
629 2398 690 2429 an
710 2398 831 2445 quae
856 2381 1080 2430 nondum
1097 2381 1155 2428 sit
1170 2379 1327 2427 lauta?
