1618 2866
63 203 197 250 *49
382 181 680 232 ACTUS
730 183 807 229 11.
858 181 968 230 SC.
1017 183 1077 231 V.
1244 199 1335 247 371

421 305 444 339 s
479 306 507 338 c
540 305 570 337 Ε
606 303 636 336 L
672 303 702 336 Ε
738 303 773 336 D
809 303 843 336 R
878 301 913 335 U
949 302 988 337 s.

63 369 147 419 Me
175 384 280 415 eam
310 381 413 413 non
443 365 608 411 vidisse
643 363 901 410 arbitraris?

386 461 416 494 P
453 459 488 493 A
523 459 553 492 1.
589 459 624 492 A
660 458 690 491 Ε
727 457 750 491 s
786 457 818 490 'r
853 458 886 491 R
920 457 941 490 1
979 457 1032 490 ο.

484 522 584 567 Nae
613 531 669 566 tu
693 520 848 565 hercle
863 553 878 576 ‚
914 519 1111 582 opinor!
1145 520 1339 568 obsecro

67 596 311 659 Resipisce.
333 594 370 639 si
397 592 457 639 ad
481 593 652 638 herum
680 591 795 636 haec
821 605 891 636 res
905 590 1196 652 pervenerit,
1219 591 1346 654 peri-

319 667 377 714 sti
406 665 618 728 pulchre.

425 756 448 791 s
485 757 512 790 c
547 756 577 789 Ε
613 755 643 788 1.
677 754 707 787 E
743 755 779 787 D
818 755 852 788 R
887 751 923 786 U
960 750 999 787 s.

70 821 213 870 Nunc
240 819 439 866 demum
473 815 686 879 experior
703 849 717 872 ‚
755 814 883 876 prius
922 814 988 861 ob
1023 813 1186 860 oculos
1223 814 1346 862 mihi

321 891 570 956 caliginem
599 888 841 934 obstitisse.

393 985 422 1017 P
458 984 491 1016 A
527 983 558 1015 L
593 982 626 1015 A
663 982 694 1014 Ε
732 981 755 1013 s
790 980 822 1014 'r
856 982 890 1014 R
924 980 947 1013 1
982 981 1030 1014 o.

70 1045 277 1093 Dudum
299 1043 472 1105 edepol
496 1043 589 1088 hoc
619 1043 820 1103 planum
850 1040 1076 1102 quidem:
1115 1057 1238 1102 quae
1268 1042 1346 1089 hie

331 1133 484 1178 usque
507 1115 648 1161 fuerit
679 1115 819 1161 intus.

429 1207 452 1240 s
488 1207 515 1240 c
550 1208 581 1240 Ε
617 1207 647 1239 L
682 1207 712 1240 Ε
747 1207 783 1239 D
822 1207 857 1240 R
892 1205 928 1240 U
968 1207 1007 1241 s.

75 1270 208 1316 Nihil
237 1269 391 1316 habeo
427 1267 538 1314 certi
581 1267 702 1328 quid
726 1268 917 1328 loquar:
955 1283 1059 1314 non
1086 1267 1186 1316 vidi
1212 1285 1353 1329 eam,

330 1341 414 1387 etsi
442 1340 554 1388 vidi.

398 1435 427 1468 P
462 1434 498 1468 A
533 1434 564 1467 L
599 1434 634 1466 A
671 1434 702 1466 Ε
738 1432 762 1466 s
798 1433 830 1466 Τ
865 1435 899 1468 R
933 1434 955 1466 1
994 1432 1043 1470 ο.

78 1496 179 1543 Nae
199 1506 256 1542 tu
279 1495 451 1556 edepol
469 1495 665 1541 stultitia
689 1506 773 1540 tua
801 1510 889 1540 nos
913 1511 1065 1556 paene
1087 1495 1349 1557 perdidisti.

77 1568 213 1615 Dum
241 1579 290 1614 te
317 1567 508 1614 fidelem
530 1567 678 1613 facere
709 1568 823 1612 hero
849 1567 1041 1614 voluisti
1060 1567 1351 1624 „absumtus

64 1650 70 1705 J
330 1656 376 1686 es
409 1656 573 1701 paene.

79 1710 174 1760 Sed
185 1711 304 1759 fores
321 1712 464 1760 vicini
478 1713 703 1774 proxumi
719 1723 1019 1775 crepuerunt.
1036 1713 1350 1762 conticiscam.

444 1865 833 1913 SCENA
932 1866 977 1913 V.

101 1999 780 2050 'PHILocomAsrvM,
835 2011 1305 2057 PALAESTRIOJ

497 2092 933 2143 SCELEJJRUS.

310 2236 1165 2273 PHILocoMASIUM.

92 2287 186 2398 IN
199 2364 233 2397 D
246 2362 275 2396 E
308 2349 465 2413 ignem
491 2350 540 2395 in
566 2368 688 2398 aram
704 2386 719 2411 ,
747 2364 801 2399 ut
819 2352 1044 2414 Ephesiae
1062 2351 1241 2396 Dianae
1258 2349 1358 2420 lau*x

342 2431 392 2466 ta
414 2421 574 2468 laudes

988 2493 1031 2538 A
1053 2507 1078 2536 a
1112 2505 1137 2539 2
