1618 2866
1 168 194 246 ἕψῃ
338 177 630 228 ACTUS
675 177 1077 247 111.SC.1.-
1253 197 1351 244 ⁵15

489 301 524 334 D
563 301 597 334 A
631 301 664 334 N
699 302 719 334 1
756 300 779 334 s
815 301 847 334 Τ
881 301 931 334 A.

19 355 22 358 ⁴
70 363 145 413 Ne
174 378 281 411 sane
320 362 371 408 id
404 363 616 408 multum
655 378 865 420 censeas,
904 363 1119 425 paullum
1149 363 1201 410 id
1242 367 1349 427 qui-

139 424 145 429 ⁷
331 435 443 481 dem
477 446 556 481 est.
793 446 798 449 ”

516 521 547 554 Τ
583 521 616 554 R
652 520 687 554 A
719 521 754 555 N
789 523 811 555 1
849 522 899 555 o.

76 580 291 632 Audin'?
320 580 569 628 videturne
602 579 793 626 obsecro
823 581 979 626 hercle
1010 581 1241 641 idoneus,

76 653 270 700 Danista
298 653 384 714 qui
401 652 489 698 sit?
520 667 666 716 genus
685 652 820 713 quod
837 653 1244 714 inprobissumum
1270 667 1350 704 est.

365 747 1074 786 THEUROPIDES.

70 809 184 855 Non
207 824 294 872 ego
323 807 439 852 istuc
469 822 612 864 curo,
650 810 736 868 qui
765 809 848 866 sit,
880 811 1009 857 unde
1034 813 1090 858 sit
1109 833 1141 863 ε,

69 883 130 928 Id
160 883 272 930 volo
301 881 419 926 mihi
453 880 572 938 dici,
605 881 656 926 id
685 899 763 928 me
788 884 900 930 scire
931 898 1119 947 expeto.

69 954 218 1002 Adeo.
239 955 381 1001 etiam
410 948 588 1016 asgbnti
620 952 755 1000 fenus
783 956 1019 1004 creditum
1048 959 1206 1005 audio.

524 1051 554 1083 Τ
592 1051 624 1084 R
659 1052 692 1084 A
730 1053 764 1085 N
798 1054 818 1086 1
857 1055 907 1087 o.

75 1113 296 1181 Quatuor
328 1109 632 1173 quadraginta
659 1110 727 1155 illi
756 1112 993 1160 debentut
1021 1115 1191 1162 minae.

73 1184 165 1231 Dic
196 1194 244 1229 te
283 1183 534 1239 daturum,
572 1194 627 1228 ut
658 1185 808 1231 abeat.

357 1265 1066 1320 TnEuR0P1DE‘S.

846 1344 995 1408 Egon’
1020 1345 1173 1392 dicam
1202 1345 1349 1398 dare?⁴

527 1424 560 1457 ‘r
595 1426 629 1458 R
662 1426 698 1459 A
731 1427 765 1460 N
799 1427 821 1460 1
858 1429 906 1462 o.

70 1473 174 1521 Dic.

360 1553 1072 1594 THEUROPIDES.

164 1609 361 1675 Egone?

513 1691 544 1723 T
580 1693 614 1724 R
646 1692 684 1724 'A
719 1694 752 1725 N
786 1694 808 1726 1
846 1695 894 1727 o.

404 1747 485 1795 Tu
509 1750 633 1811 ipsus
667 1752 742 1798 djc
761 1754 939 1812 modo,
971 1761 1178 1807 ausculta
1203 1765 1338 1811 mihi.

69 1819 317 1884 Promitte:
353 1838 463 1886 age,
489 1823 713 1884 inquam:
746 1842 834 1890 ego
846 1829 1014 1891 jubeo.

358 1921 1070 1964 THEUROPIDES.

289 2015 292 2019 -
902 1988 1156 2051 Responde
1192 1994 1342 2052 mihi,

71 2045 206 2114 Quid
235 2065 292 2095 eo
309 2049 364 2095 ’st
393 2061 586 2114 argento
616 2048 830 2096 factum?

513 2147 545 2179 Τ
581 2149 616 2181 R
653 2149 688 2181 A
723 2149 757 2182 N
791 2150 812 2181 1
851 2150 900 2182 ο.

859 2208 1050 2256 Salvom
1075 2212 1144 2261 ’st.

360 2294 1066 2338 THEUROPIDES.

87 2391 91 2395 ,
1160 2356 1334 2407 Solvite

74 2407 271 2456 Vosmet
303 2410 471 2475 igitur,
499 2416 536 2461 si
564 2419 742 2465 salvom
758 2419 823 2464 'st.

982 2490 1126 2542 Kka
