1618 2866
222 201 321 256 3¹0
557 188 1163 242 MERCATOR.
1354 156 1518 259 §.34¹

222 303 274 350 Si
301 301 422 366 quid
450 301 540 349 tibi
577 302 767 360 evenit,
807 301 859 347 id
885 316 987 347 non
1017 313 1087 348 est
1118 303 1260 365 culpa
1293 320 1416 350 mea.

536 400 568 433 1.
605 400 637 432 Y
677 399 700 434 s
738 400 759 432 1
795 399 838 431 M
874 401 908 433 A
944 401 971 432 c
1008 388 1044 433 Η
1079 401 1115 434 U
1152 401 1191 434 s,

223 464 362 533 Quin
390 478 471 508 me
505 461 706 534 eradicqs
729 462 970 509 miserum.

675 550 702 582 c
742 550 774 583 o
815 551 851 601 Q
886 550 921 583 U
961 550 997 583 U
1033 548 1072 583 s.
1370 597 1372 599 .

929 611 1037 659 Scio
1059 613 1190 678 jam,
1223 613 1347 677 quid
1371 616 1513 684 velis*

223 679 411 743 Nempe
441 681 556 728 hinc
582 699 663 729 me
695 683 826 729 abire
857 684 940 730 vis.
1157 735 1162 737 ‚
1202 699 1206 701 “

532 769 565 801 1.
599 769 636 801 Y
671 769 694 804 s
730 770 751 802 1
788 770 832 804 M
867 770 903 803 A
939 771 965 803 c
1003 771 1040 805 H
1076 771 1112 804 U
1150 772 1188 806 s.

874 830 1035 889 Volo,
1064 831 1278 894 inquam.

675 917 703 950 c
741 917 774 951 0
803 895 849 968 ’ρ
883 917 919 951 U
955 917 992 951 U
1030 918 1069 952 s.

1211 1008 1214 1010 -
1259 970 1513 1033 Abibitur,

221 1029 513 1079 Drachmam
541 1031 670 1079 dato.

529 1124 562 1157 L
598 1125 633 1158 Y
670 1124 693 1159 S
731 1125 754 1158 I
790 1125 834 1159 M
868 1124 904 1160 A
943 1128 970 1161 C
1004 1127 1042 1163 H
1076 1128 1112 1162 U
1148 1128 1197 1166 Su

695 1183 930 1233 Dabitur.'

676 1272 703 1304 c
741 1273 773 1305 o
811 1274 848 1323 Q
882 1272 919 1306 U
954 1273 990 1306 U
1028 1272 1066 1308 s.

948 1335 1063 1382 Daxi
1093 1352 1203 1400 ergo
1231 1335 1286 1382 sis
1310 1335 1446 1401 jube.

223 1400 338 1449 Dari
363 1413 550 1464 potest,
585 1403 764 1450 interea
792 1405 914 1452 dum
941 1407 1010 1454 illi
1042 1418 1251 1469 ponunt.

527 1499 560 1532 1.
596 1500 632 1532 Y
668 1500 691 1534 s
729 1502 749 1534 1
783 1501 827 1534 M
862 1501 897 1534 A
935 1504 962 1536 c
998 1503 1034 1536 Η
1071 1504 1107 1536 U
1145 1505 1184 1539 s.

1209 1565 1348 1634 Quin
1375 1562 1508 1611 abis?

217 1622 374 1669 Potin’
403 1634 459 1671 ut
484 1626 711 1672 molestus
739 1642 802 1672 ne
831 1626 922 1675 sis?
1138 1628 1145 1641 '

669 1712 696 1744 c
733 1713 765 1745 o
804 1714 840 1762 Q
876 1712 912 1745 U
947 1714 984 1747 U
1020 1713 1059 1748 s.

510 1804 512 1806 .
942 1766 1083 1830 Agite
1103 1799 1116 1824 ,
1148 1767 1376 1829 apponite

217 1836 495 1882 Obsonium
523 1837 642 1883 istuc
671 1847 782 1883 ante
814 1838 960 1899 pedes
998 1840 1068 1885 illi
1100 1841 1214 1889 seni.
1356 1830 1362 1835 ”

215 1907 347 1954 Haec
367 1925 472 1954 vasa
497 1921 579 1954 aut
605 1926 750 1967 mox,
779 1922 863 1958 aut
885 1927 979 1957 cras
995 1912 1183 1975 jubebo
1207 1913 1288 1960 abs
1313 1925 1362 1960 te
1379 1916 1502 1978 peti:

211 1978 497 2043 Sequimini.

444 2068 1227 2110 ‚LYSIMACHUs-

517 2128 724 2175 Fortasse
755 2140 803 2176 te
833 2129 971 2176 illum
991 2129 1157 2178 *mirari
1187 2146 1438 2192 coquom,

212 2199 368 2268 Quod
397 2201 556 2259 venit,
587 2214 732 2263 atque
753 2204 868 2249 haec
891 2203 1063 2249 attulit.
1094 2203 1249 2251 dicam
1270 2204 1393 2266 quid
1418 2214 1498 2251 est.

631 2298 668 2330 D
707 2298 740 2330 o
780 2300 814 2332 R
850 2299 868 2332 1
905 2299 932 2332 P
972 2300 999 2333 P
1037 2299 1084 2332 A.
1367 2332 1373 2336 .

209 2363 325 2410 Non
348 2365 522 2424 miror,
554 2366 589 2412 si
623 2368 745 2428 quid
776 2368 939 2423 damni
973 2369 1079 2415 facis
1097 2404 1111 2426 ‚
1143 2381 1226 2416 aut
1254 2369 1412 2433 flagiti.

209 2437 310 2486 Nec
331 2441 418 2502 pol
444 2456 533 2507 ego
555 2442 731 2503 patiar,
755 2442 818 2489 sic
843 2460 922 2490 me
946 2455 1151 2507 nuptam
1175 2455 1275 2490 tam
1303 2444 1461 2502 male,
