1618 2866
257 144 1275 213 550‘MosTELLAR1A.
1441 171 1542 222 Ὦς

254 260 369 325 Akgii
404 261 482 307 illa
514 277 599 322 per
641 262 947 326 angiportum
985 265 1046 311 ad
1089 267 1284 314 hortum
1321 279 1541 318 nostrum

520 335 818 381 clanculum:

263 406 460 452 Ostium
479 407 617 467 quod
634 408 683 453 in
703 409 954 472 angiportu
970 421 1036 456 est
1053 410 1178 456 horti
1190 412 1388 472 patefeci
1404 415 1543 473 fore5‚
1594 445 1598 450 -

258 482 427 543 anue
458 483 602 528 eduxi
631 500 827 529 omnem
859 486 1125 549 legionem,
1157 497 1205 532 et
1228 503 1376 534 mares
1404 501 1452 536 et
1477 490 1544 536 fe⁴

515 572 677 602 minaS.

260 627 522 690 Postquam
552 645 611 674 ex
649 628 898 676 obsidione
934 631 985 675 in
1017 641 1182 676 tutum
1218 632 1363 679 eduxi
1394 635 1545 681 mani·

513 703 660 762 plares
689 719 819 748 meos
835 734 848 759 ,

260 770 410 833 Capio
436 771 686 818 consilium
702 806 716 828 ‚
747 783 803 818 ut
828 785 1043 820 senatum
1061 790 1412 839 congerronum
1428 792 1545 823 con-

515 861 701 892 vocem.

261 919 430 988 Quem
458 934 612 979 quom
643 921 935 978 convocavi,
966 931 1112 982 atq-ue
1134 916 1203 967 illi
1227 937 1307 967 me
1335 937 1361 967 e
1383 933 1546 968 senatu

513 1003 767 1056 segregant.

259 1063 357 1110 Ubi
385 1080 473 1128 ego
499 1064 642 1110 video
662 1081 763 1110 rem
788 1067 912 1113 vorti
940 1067 990 1112 in
1013 1083 1123 1112 meo
1149 1065 1253 1112 foro
1274 1099 1288 1123 ,
1309 1076 1546 1127 quantum

513 1145 696 1195 potest,

258 1207 400 1254 Facio
431 1207 563 1254 idem
581 1243 594 1266 ‚
632 1209 769 1270 quod
801 1210 996 1271 plurimi
1031 1212 1138 1269 alii,
1178 1212 1354 1273 quibus
1383 1229 1453 1259 res
1485 1211 1547 1259 ti·-

512 1283 642 1328 mida
670 1294 751 1329 aut
788 1284 978 1331 turbida
1007 1297 1099 1331 est:

252 1357 463 1420 Pergunt
488 1356 676 1402 turbare
706 1374 887 1417 usque,
916 1370 972 1403 ut
1003 1375 1065 1404 ne
1096 1359 1218 1420 quid
1245 1359 1392 1421 possit
1424 1375 1545 1406 con-

518 1445 772 1490 quiescere.

256 1499 385 1546 Nam
415 1500 511 1547 scio
546 1500 775 1562 equidem
809 1499 946 1545 nullo
980 1510 1122 1560 pacto
1149 1499 1253 1563 jam
1285 1517 1378 1547 esse
1409 1518 1546 1564 posse

511 1574 633 1620 clam
667 1589 842 1625 senem.

256 1645 353 1696 Sed
380 1646 502 1708 quid
531 1647 624 1692 hoc
651 1658 718 1692 est
735 1681 749 1703 ‚
774 1645 912 1707 quod
935 1644 1046 1692 foris
1069 1647 1346 1707 concrepuit
1363 1664 1542 1709 proxu-

510 1737 588 1765 ma
618 1719 819 1766 vicinia?

253 1789 412 1837 Herus
430 1807 564 1836 meus
588 1791 664 1836 hic
685 1791 885 1851 quidem
911 1802 990 1836 est.
1005 1794 1196 1854 'gustare
1217 1807 1304 1856 ego
1333 1790 1431 1854 ejus
1454 1806 1542 1836 ser⁴

510 1881 710 1910 monem
739 1865 869 1911 volo.

549 1957 1275 1993 THEUROPIDES.
1611 1937 1618 1999 ξ

248 2027 388 2077 illico
411 2027 535 2075 intra
560 2026 709 2073 limen
726 2036 867 2075 astate
895 2025 1019 2071 illicz
1044 2036 1101 2071 ut
1116 2060 1130 2083 ,
1165 2041 1319 2086 quom
1347 2037 1533 2074 extem*

507 2101 592 2162 plo
625 2116 796 2146 vocem
813 2133 828 2156 ‚
1578 2098 1586 2104 ’

251 2175 507 2225 Continuo
528 2174 767 2223 exsiliatis:
791 2173 996 2226 manicas
1021 2174 1229 2219 celeriter
1252 2175 1537 2222 connectite.
1608 2193 1609 2196 ¹

254 2245 356 2311 Ego
383 2247 524 2293 illum
554 2258 662 2292 ante
692 2246 816 2293 aedis
846 2247 1163 2308 praestolabor
1192 2248 1538 2301 ludificatorem
1607 2244 1618 2336 ξ

508 2337 700 2366 meum:
1607 2363 1610 2365 ,

257 2392 445 2465 Quojus
462 2410 549 2460 ego
573 2395 648 2442 hic
664 2394 922 2444 ludificabo
939 2395 1118 2443 corium
1133 2429 1148 2455 ‚
1166 2396 1202 2442 si
1220 2396 1331 2444 vivo
1342 2429 1356 2453 ,
1369 2380 1532 2457 probe.
1606 2443 1608 2447 ,

1608 1822 1618 1868 «ἶ
