1618 2866
62 181 189 232 ιη
323 168 655 217 ”Α(ῘΤῘ.15
706 168 785 216 ΙΙ.
836 168 938 217 SC.
985 169 1046 217 V.
1237 182 1335 235 377Δ

388 291 419 324 P
453 290 489 324 A
526 290 557 323 L
593 290 628 322 A
662 289 692 322 E
729 288 751 322 S
787 289 819 322 T
854 289 888 322 R
922 289 943 321 Ι
979 289 1027 323 0.

64 349 308 408 Sceledre,
334 349 552 396 manibus
569 348 758 394 amisisti
780 348 1016 410 praedam.
1043 359 1142 396 tam
1166 365 1219 396 ea
1241 361 1338 408 est,

326 440 472 484 quam
504 423 654 484 potis,

63 495 231 542 Nostra
257 496 411 551 herilis
430 494 711 542 concubina.
735 495 831 542 vin’
855 505 910 542 tu
938 494 1088 542 facere
1113 497 1205 543 hoc
1227 505 1337 543 stre·

284 611 291 616 .
314 585 414 614 nue
430 568 452 613 i>

419 651 443 685 S
478 652 505 684 C
539 652 570 685 E
611 652 642 685 I.
678 652 708 685 E
743 653 779 686 D
817 653 849 686 R
887 652 922 684 U
961 653 998 686 S.

69 702 206 779 Quid
233 710 432 757 faciam?

388 797 416 829 P
458 796 491 829 A
527 795 556 828 L
594 796 628 829 A
664 796 694 828 E
733 795 756 828 s
793 795 823 828 T
866 797 899 830 R
934 797 953 828 1
991 797 1038 829 o.

245 857 373 904 Affer
395 857 514 903 mihi
543 857 836 903 machaeram
861 857 955 903 huc
975 857 1115 906 intus,

392 938 396 940 ’
423 951 446 985 s
486 951 512 982 c
550 950 581 982 E
616 951 647 983 L
681 951 711 983 E
748 952 783 984 D
819 951 852 983 R
887 950 922 982 u
960 950 997 983 s,

936 1009 1073 1079 Quid
1096 1009 1230 1056 facies
1252 1009 1339 1056 ea?

387 1096 416 1130 P
454 1095 487 1128 A
526 1096 556 1128 1.
595 1097 629 1128 A
665 1097 696 1128 Ε
734 1095 756 1128 s
796 1096 827 1128 ‘r
862 1097 895 1129 R
931 1096 950 1127 1
988 1096 1035 1128 ο.

62 1159 196 1205 Intro
223 1174 446 1219 rumpam
475 1167 600 1202 recta
631 1157 682 1202 in
707 1156 858 1213 aedis,
883 1173 1132 1220 quemque
1161 1157 1239 1202 hic
1264 1156 1340 1201 in-

261 1276 265 1280 ,
315 1238 391 1273 tus
422 1225 587 1274 videro
789 1240 797 1242 *
911 1271 919 1276 ,
1263 1275 1269 1278 .

66 1299 191 1346 Cum
227 1299 569 1346 Philocomasio
612 1300 904 1345 osculantem
923 1334 937 1357 ,
977 1316 1091 1345 eum
1126 1315 1214 1363 ego
1249 1297 1338 1344 oba

314 1370 547 1416 truncabo
578 1373 870 1432 extempulo.

419 1462 443 1496 S
480 1462 507 1495 C
542 1463 574 1496 E
608 1462 640 1496 L
674 1465 704 1497 E
740 1465 776 1496 D
811 1466 845 1498 R
882 1462 916 1495 U
953 1461 991 1495 S.

64 1520 233 1570 Visane
260 1533 327 1568 est
354 1539 407 1568 ea
433 1523 558 1569 esse?

204 1641 210 1645 ,
381 1604 410 1636 P
447 1605 481 1637 A
518 1605 549 1637 1.
586 1605 621 1637 A
656 1604 687 1637 Ε
725 1605 747 1638 s
786 1606 817 1637 T
848 1606 882 1639 R
916 1606 937 1637 1
977 1604 1026 1637 0.

232 1666 392 1711 Immo
419 1665 592 1726 edepol
614 1668 756 1727 plane
782 1683 837 1712 ea
863 1678 944 1712 est.
972 1665 1054 1711 sed
1082 1663 1337 1726 quomodo

60 1739 419 1787 Dissimulabat!
452 1739 529 1784 abi
544 1774 558 1798 ‚
588 1742 883 1788 machaeram
904 1731 1149 1787 huc‘effer.

417 1830 439 1863 s
479 1831 506 1867 c
543 1832 574 1864 E
610 1833 641 1865 1.
677 1821 708 1867 ὲ
744 1835 779 1867 D
814 1834 848 1866 R
866 1832 919 1885 ⁴u
958 1832 996 1865 s,

780 1904 783 1905 ’
845 1893 954 1951 Jam
984 1892 1093 1939 faxo
1126 1893 1204 1938 hic
1235 1891 1337 1937 erit.

386 1978 415 2010 P
450 1977 486 2010 A
522 1978 553 2010 L
589 1977 625 2011 A
659 1978 689 2010 E
729 1978 751 2011 S
789 1978 819 2010 T
855 1980 889 2012 R
923 1980 942 2013 1
978 1979 1025 2011 Ο.

66 2034 236 2095 Neque
253 2050 440 2097 eques,
472 2053 632 2097 neque
661 2035 805 2098 pedes
833 2035 1055 2097 profecto
1080 2035 1336 2096 quisquam

313 2119 441 2154 tanta
471 2109 662 2155 audacia
681 2143 696 2165 ‚

53 2176 171 2260 -Qui
200 2190 350 2237 aeque
371 2179 506 2226 faciat
537 2179 832 2226 confidenter
859 2178 1128 2240 quidquam
1141 2212 1155 2234 ,
1188 2194 1336 2238 quam

277 2263 438 2307 quae
458 2250 674 2296 mulieres

68 2319 278 2366 Faciunt.
307 2331 362 2364 ut
385 2321 642 2382 utrobique
663 2322 927 2377 orationem
950 2321 1091 2380 docte
1121 2317 1295 2364 edidit!
1348 2377 1353 2382 ,

54 2388 134 2441 ,Ut
163 2390 415 2439 sublinitur
446 2407 497 2441 os
530 2394 715 2440 custodi
744 2406 847 2441 cato
866 2428 881 2453 ‚
908 2407 1133 2440 conservo
1165 2388 1298 2435 meo!
