1618 2866
230 170 331 217 fim
700 153 1035 224 PERSA
1118 174 1130 192 ³
1395 202 1522 245 ww

234 275 333 324 Suo
365 276 604 328 arbitratu.

658 359 688 391 Τ
726 361 758 394 o
794 359 830 393 x
869 362 890 394 1
923 361 954 395 Ι,
992 363 1030 396 U
1067 361 1106 396 s.

369 417 506 487 Quid
526 418 642 464 stas?
661 420 740 466 abi
759 432 863 468 tute
879 456 893 479 ,
917 434 1062 484 atque
1083 424 1182 486 ipse
1203 425 1371 474 itidem
1388 445 1509 494 roga.

230 484 298 538 Ut
317 492 408 538 tibi
435 495 703 554 percontari
722 495 884 554 liceat,
922 514 1044 558 quae
1061 498 1199 556 velis,
1224 500 1305 545 etsi
1333 501 1450 547 mihi
1500 537 1510 540 -

228 563 369 610 Dixit
413 566 525 634 dare
561 579 846 628 potestatem
884 571 1012 634 ejus:
1059 571 1141 617 sed
1177 589 1263 637 ego
1307 585 1355 621 te
1391 577 1519 624 malo

491 652 678 704 tamen,
1028 653 1035 660 ‘

227 711 354 759 Eum
379 713 538 775 ipsum
569 714 698 760 adire
715 749 728 772 ,
758 726 815 761 ut
832 731 894 761 ne
919 720 1195 765 contemnat'
1224 731 1272 765 te
1297 720 1386 766 ille.

619 808 655 843 D
695 808 727 840 o
764 809 798 842 R
834 809 869 841 D
903 809 940 849 A,
973 809 1003 842 L
1042 811 1077 844 U
1115 811 1151 845 S.

462 908 471 918 ,
712 912 715 915 .
1043 871 1159 917 Satis
1182 885 1308 920 recte
1338 890 1517 922 mones.

226 939 437 1002 Hospes,
472 943 586 988 volo
618 959 707 1007 ego
743 943 865 990 hanc
899 948 1179 1007 percontari.

556 1033 579 1066 S
617 1033 652 1066 A
692 1036 725 1068 G
760 1034 796 1067 A
832 1036 866 1069 R
902 1036 924 1069 I
963 1037 985 1070 S
1023 1038 1054 1070 Τ
1089 1038 1111 1071 I
1147 1039 1196 1072 Ο.

676 1094 721 1142 A
747 1107 867 1142 terra
891 1096 953 1142 ad
983 1099 1204 1157 coelum,
1234 1100 1355 1161 quid
1386 1101 1524 1148 lubet

224 1166 502 1214 Percontare
520 1204 534 1227 ‚
568 1170 767 1231 exquire
792 1170 999 1232 quidvis,
1380 1185 1383 1187 ’

647 1263 679 1296 Τ
718 1264 749 1296 Ο
789 1264 824 1297 Χ
861 1265 882 1297 Ῑ
917 1266 949 1299 L
985 1265 1020 1298 U
1057 1266 1093 1300 S.

614 1322 741 1387 Age,
777 1341 860 1388 age
889 1341 1018 1372 nunc
1050 1337 1132 1383 tu,
1166 1326 1182 1370 i
1213 1341 1347 1387 prae:
1379 1325 1520 1384 vide,

223 1391 289 1438 Ut
321 1392 579 1458 ingrediare
610 1396 863 1456 auspicato.

619 1482 657 1514 D
693 1479 726 1514 ο
762 1482 797 1515 R
832 1483 869 1515 D
906 1481 941 1515 A
974 1483 1004 1515 L
1042 1483 1078 1515 U
1112 1482 1150 1516 s.

739 1543 1007 1605 Liquidum
1023 1546 1077 1590 ’st
1107 1546 1380 1608 auspicium.

649 1627 681 1663 Τ
720 1630 752 1663 o
791 1628 828 1663 x
866 1631 894 1668 Ι,
924 1631 955 1664 Ι.
992 1629 1027 1663 u
1065 1630 1099 1664 s.
1209 1604 1223 1618 ⁰

1372 1684 1513 1730 Tace.

223 1746 448 1794 Concede
479 1749 564 1806 siS,
592 1749 693 1811 jam
724 1765 813 1814 ego
842 1751 971 1796 illam
999 1750 1254 1797 adducam.

616 1842 652 1874 D
691 1842 722 1874 ο
760 1844 795 1876 R
831 1844 866 1875 D
903 1844 939 1876 A
967 1844 1008 1882 ⁴1,
1045 1843 1080 1875 U
1116 1843 1155 1876 s.

542 1901 669 1967 Age,
701 1914 756 1948 ut
789 1920 891 1948 rem
921 1921 1013 1950 esse
1040 1905 1091 1950 in
1125 1915 1329 1951 nostram
1360 1913 1512 1964 putas.

626 1996 675 2033 ‚T
711 1996 743 2029 O
782 1996 818 2029 X
853 1997 874 2029 1
909 1998 939 2031 L
976 1998 1011 2029 U
1049 1997 1084 2032 S.

221 2053 430 2117 Sequere
464 2073 557 2103 me.
591 2057 781 2103 adduco
818 2058 970 2118 hanc,
1002 2060 1038 2104 si
1071 2059 1194 2120 quid
1231 2059 1299 2106 vis
1335 2075 1395 2104 ex
1424 2059 1512 2104 hac

475 2131 803 2191 percontarier.
1519 2130 1525 2139 ’

614 2217 650 2249 D
690 2217 722 2248 o
760 2217 794 2249 R
830 2217 866 2249 D
903 2217 938 2250 A
973 2217 1004 2250 1.
1040 2218 1076 2250 U
1111 2216 1149 2250 s.

222 2273 365 2320 Enim
392 2276 505 2320 volo
533 2276 780 2322 te-adesse.

645 2363 676 2395 T
715 2364 747 2395 Ο
784 2363 820 2397 X
855 2363 877 2395 1
914 2362 944 2395 Ι,
980 2362 1016 2395 U
1054 2362 1091 2395 S.
1107 2360 1145 2378 '²

297 2422 445 2470 Haud
462 2439 678 2485 possum,
698 2424 818 2485 quin
837 2423 949 2469 huic
968 2440 1160 2485 operam
1178 2423 1290 2469 dem
1305 2423 1503 2485 hospiti,
