1618 2866
1087 22 1099 42 ‚.

108 225 238 271 μμ
418 168 767 256 Αστυε-Ιζ
815 205 923 254 sc.
953 203 1058 254 Ἡ.
1093 202 1106 247 2
1287 219 1377 269 475

72 388 73 394 ἵ
110 329 404 390 Expoliunt,
434 328 608 381 docent
634 328 815 384 literaS,
841 326 1152 390 jura,·leges*;

111 399 288 447 Sumtu
313 417 397 446 suo
426 411 473 445 et
499 401 660 446 labore
687 399 934 455 nituntur,
970 409 1027 444 ut
1055 401 1073 424 ²

62 523 67 527 ,
109 473 206 519 Alii
237 473 323 518 sibi
350 490 441 519 esse
471 473 662 518 illorum
692 472 859 517 similes
893 481 1131 531 expetant.

110 545 189 591 Ad
214 547 451 610 legionem
475 547 805 607 quomjtant,
835 535 1180 591 adminiculum
1207 543 1270 591 eis
1300 543 1383 590 da·-

368 628 494 664 nunt

111 691 243 738 Tum
265 692 364 755 jam
396 691 604 751 aliquem
636 701 892 754 cognatum
921 705 1076 734 suum.

111 762 314 808 Eatenus
351 762 529 807 abeunt
558 760 759 807 a.fabris.

111 833 275 879 Unum
302 833 387 878 ubi
415 833 666 878 emeritum
680 834 735 878 ’st
764 832 1082 894 stipendium,
1112 822 1261 894 igitur·
1277 841 1383 897 tum

109 906 359 970 Specimen
389 908 618 964 cernitur,
647 925 746 968 quo
779 909 962 953 eveniat
994 905 1271 951 aedificatio.

110 980 234 1024 Nasn
260 997 347 1043 ego
377 981 437 1025 ad
466 980 588 1025 illud
612 980 734 1043 frugi
761 996 912 1041 usque
938 989 984 1023 et
1016 978 1193 1038 probus
1218 976 1314 1032 fui,

111 1051 170 1096 In
205 1051 446 1097 fabrorum
479 1063 709 1112 potestate
739 1052 856 1097 dum
885 1044 970 1096 fui.

113 1122 425 1182 Posteaquam
454 1123 699 1187 inmigravi
727 1125 776 1168 in
805 1123 1053 1187 ingenium
1077 1139 1273 1178 meum,

112 1194 301 1239 Perdidi
330 1211 522 1255 operam
554 1196 794 1244 fabrorum
826 1196 951 1242 illico
984 1195 1180 1257 oppido.

113 1264 258 1311 Venit
289 1266 492 1328 ignavia;
530 1285 581 1313 ea
610 1271 726 1315 mihi
757 1282 1004 1331 tempestas
1036 1269 1155 1326 fuit,

56 1358 60 1364 ’
111 1338 179 1385 Ea
218 1338 334 1383 mihi
366 1339 575 1385 adventu
614 1359 698 1388 suo
738 1343 1043 1406 grandinem,
1083 1341 1385 1400 imbremque

367 1403 551 1462 artuum
619 1459 630 1464 ,

110 1480 241 1527 Haec
273 1483 606 1528 verecundiam
639 1483 758 1528 mihi
794 1494 840 1528 et
868 1483 1051 1528 virtutis
1081 1481 1286 1526 modum

107 1553 390 1600 Deturbavit
406 1590 419 1612 ,
451 1559 568 1602 texit
592 1556 868 1615 detexitque
902 1573 928 1600 a
958 1572 1037 1600 me
1062 1555 1202 1599 illico.

108 1627 298 1673 Postilla
328 1630 537 1695 obtigere
573 1647 675 1674 eam
704 1630 952 1692 neglegens
986 1628 1080 1674 fui:

109 1700 355 1747 Continuo
374 1719 460 1763 pro
478 1703 630 1748 imbre
657 1719 788 1747 amor
815 1702 1008 1748 advenit
1030 1702 1080 1746 in
1100 1717 1180 1747 cor
1201 1717 1378 1747 meum.

114 1771 158 1816 Is
187 1789 338 1832 usque
364 1773 415 1818 in
437 1785 599 1834 pectus
624 1775 948 1836 permanavit,
973 1774 1309 1836 permadefecit

114 1842 400 1891 cormeum.
435 1862 564 1891 nunc
590 1847 730 1892 simul
749 1864 816 1892 res
834 1882 848 1904 ,
875 1847 1014 1904 fides,
1033 1846 1181 1904 fama,
1210 1849 1381 1903 virtus,

114 1918 368 1980 Decusque
401 1920 729 1966 deseruerunt:
767 1938 854 1985 ego
887 1938 991 1966 sum
1019 1921 1070 1965 in
1102 1938 1191 1966 usu

112 1990 279 2037 Factus
315 1993 464 2039 nimio
494 1995 711 2054 nequior.
743 2006 888 2056 atque
922 1995 1094 2055 edepol
1128 1995 1192 2038 ita

114 2063 243 2110 Haec
267 2067 394 2130 tigna
419 2069 617 2114 humide
639 2079 836 2130 putent:
871 2085 972 2113 non
1003 2068 1169 2113 videor
1190 2066 1307 2111 mihi

118 2135 291 2183 Sarcire
315 2137 448 2199 posse
482 2142 605 2187 aedis
640 2159 763 2187 meas
783 2176 796 2199 ,
826 2142 946 2202 quin
972 2150 1099 2186 totae

116 2209 373 2269 Perpetuae
406 2226 567 2271 ruant,
605 2215 726 2275 quin
753 2213 1206 2262 cumifundamento

115 2281 341 2327 Perietint
357 2315 372 2338 ,
403 2300 491 2331 nec
517 2287 768 2347 quisquam
798 2303 890 2331 esse
926 2285 1107 2330 auxilio
1136 2295 1292 2344 queat.

118 2353 212 2399 Cor
232 2353 384 2411 dolet,
400 2366 550 2415 quom
564 2358 657 2404 scio
671 2393 684 2415 ,
704 2370 760 2404 ut
777 2375 907 2404 nune
923 2375 1042 2413 sum,
1061 2367 1204 2417 atque
1223 2367 1276 2402 ut
1289 2356 1377 2401 fui:

66 2491 71 2496 ι
118 2433 233 2502 Quo
262 2450 421 2495 neque
457 2434 707 2483 industrior
732 2439 791 2484 de
815 2439 1069 2502 juventute
1104 2446 1200 2480 erat
