1618 2866
148 193 276 239 ιθ
430 146 723 222 Aeros
776 172 814 218 1.
870 170 970 220 se.
1007 171 1127 219 111.
1361 187 1422 234 23

451 289 1118 327 PHAEDROMUS.

151 361 282 410 Auro
314 372 478 409 contra
511 360 631 409 cedo
666 358 941 409 modestum
971 370 1245 406 amatorem.
1282 376 1309 406 a
1343 376 1423 408 me

406 450 575 480 aurum
605 431 776 496 accipe.

505 527 535 562 P
570 529 607 561 A
638 527 669 562 L
704 528 728 561 1
762 528 796 563 N
833 526 870 562 U
903 528 937 561 R
971 527 1007 560 U
1042 526 1082 562 S·

155 598 289 647 Cedo
311 598 430 645 mihi
457 608 619 644 contra
643 596 933 654 aurichalco,
953 597 1073 658 quoi
1091 612 1179 662 ego
1202 614 1315 646 sano
1333 617 1428 648 sex-

326 714 334 720 .
401 685 542 717 mam.

504 762 534 796 1²
568 762 601 796 1.
635 762 670 796 A
702 763 738 796 N
771 763 802 796 E
840 762 863 796 S
898 763 919 796 1
956 763 992 796 U
1027 763 1085 797 M.

111 832 113 834 ’
156 829 283 897 Rene
306 829 440 887 vale,
466 829 606 877 oaxle
624 828 725 897 ¹mi:
750 845 863 876 nam
887 829 1101 880 sonitum
1124 842 1172 879 et
1190 833 1428 895 crepitum

400 902 710 949 claustrorum
730 901 874 948 audio
891 936 905 959 ,

151 975 414 1023 Aedituum
438 975 614 1037 aperire
636 973 817 1021 fanum.
842 991 1122 1037 quousque,
1143 995 1318 1039 quaeso
1334 1015 1348 1038 ,
1367 981 1431 1027 ad

399 1049 531 1094 hunc
554 1046 763 1093 modum

150 1119 282 1166 Inter
306 1135 394 1166 nos
422 1136 585 1166 amore
598 1120 795 1166 'utimur
822 1136 1006 1183 semper
1030 1123 1303 1189 surrepticio
1319 1126 1342 1172 Ξ)

457 1214 486 1246 Ρ
526 1213 560 1245 Η
594 1212 630 1246 A
664 1213 695 1245 E
730 1213 766 1246 D
800 1215 833 1247 R
869 1214 901 1247 ο
937 1214 980 1247 Μ
1017 1214 1051 1247 U
1088 1216 1126 1249 s.

152 1283 384 1329 Minume.
425 1298 539 1328 nam
570 1283 827 1329 Parasitum
862 1283 968 1328 misi
995 1285 1172 1333 nudius
1212 1300 1409 1349 quartus

402 1355 584 1401 Cariam
601 1389 615 1411 ‚

152 1429 314 1475 Petere
343 1439 592 1493 argentum
612 1447 627 1472 t
645 1427 684 1473 is
703 1427 849 1474 hodie
878 1427 957 1474 hic
981 1426 1144 1475 aderit.

494 1523 526 1557 P
562 1522 597 1556 I.
627 1522 664 1555 A
696 1522 731 1555 N
763 1521 795 1555 E
831 1521 857 1556 S
890 1523 911 1556 1
947 1523 983 1557 U
1019 1522 1076 1557 Μ.

816 1587 1037 1635 Nimium
1062 1592 1295 1639 consultas
1327 1592 1433 1642 diu.

450 1673 1124 1710 P‘HAEDROMUS.

156 1741 228 1788 Ita
243 1758 322 1789 me
337 1740 502 1789 Venus
515 1753 642 1788 amet
654 1777 669 1800 ‚
686 1753 743 1788 ut
760 1758 847 1807 ego
866 1753 917 1789 te
935 1744 1029 1792 hoc
1046 1745 1260 1793 triduum
1281 1764 1431 1795 num-

406 1832 554 1876 quam
582 1832 731 1865 smam

155 1887 215 1933 In
240 1886 388 1935 domo
416 1905 509 1935 esse
530 1888 664 1948 istac,
694 1890 816 1952 quin
846 1908 933 1957 ego
964 1902 1015 1939 te
1042 1893 1285 1940 liberalem
1310 1894 1428 1941 lihe-

407 1978 524 2011 rem.

497 2046 527 2080 P
561 2046 593 2082 I.
627 2047 664 2082 A
698 2051 733 2085 N
769 2050 800 2086 ἲ
835 2051 860 2084 S
894 2052 917 2086 1
953 2052 988 2087 U
1027 2053 1086 2087 M.

162 2113 318 2164 Facito
333 2127 390 2167 ut
405 2117 686 2168 memineris.
706 2129 819 2168 tene
837 2121 980 2168 etiam
990 2155 1009 2179 ,
1021 2122 1298 2183 priusquam
1313 2120 1427 2165 hinc

404 2189 525 2238 abeo
539 2223 555 2248 ‚
580 2189 773 2241 savium.

334 2321 341 2323 s
468 2287 497 2320 1³
532 2287 568 2319 n
601 2287 637 2321 A
670 2287 702 2320 Ε
736 2288 774 2320 n
805 2289 840 2322 R
877 2287 914 2320 o
947 2288 992 2321 M
1026 2289 1063 2321 U
1098 2289 1139 2323 s.

163 2347 409 2410 Siquidem
431 2387 446 2410 ‚
473 2355 658 2414 hercle,
689 2357 810 2402 mihi
842 2373 1044 2422 regnum
1080 2358 1220 2404 detur
1234 2391 1250 2416 ,
1282 2373 1434 2403 num«

412 2441 558 2485 quam
579 2427 631 2473 id
657 2429 817 2489 potius
843 2445 1110 2492 persequar.

1055 2501 1094 2547 B
1128 2518 1162 2562 4
