1618 2866
263 179 355 242 398
487 175 740 225 MILES
786 177 1287 231 GLORIOSUS.
1387 202 1550 248 v.154

259 290 387 336 Nam
413 288 668 351 proletario
695 303 912 335 sermone
935 304 1066 336 nunc
1093 288 1319 352 quidem,
1347 294 1549 357 hospes,

515 372 662 407 utere.

262 433 388 480 Nam
417 432 469 478 hi
508 433 693 488 solent,
721 431 920 492 quando
954 431 1250 492 accubuere,
1281 435 1368 483 ubi
1404 453 1553 490 coena

513 504 725 565 apposita
743 505 797 549 ’st
816 538 830 561 ,
863 503 1044 550 dicere:

265 578 405 648 Quid
422 595 542 641 opus
565 578 657 625 fuit
684 578 803 635 hoc,
822 578 1016 639 hospeS‚
1038 588 1204 645 sumtu
1230 589 1367 627 tanto
1394 595 1551 632 nostra

514 650 694 716 gratia?
1196 713 1201 716 ᾖ

264 725 529 772 Insanivisti
560 726 743 771 hercle:
778 741 890 771 nam
918 725 1049 773 idem
1067 727 1161 774 hoc
1181 727 1459 774 hominibus
1486 738 1554 775 sat

523 812 620 846 erat
651 800 834 846 decem.

263 873 419 944 Quod
449 890 618 921 eorum
647 891 801 920 caussa
828 875 1116 923 obsonatum
1133 877 1219 935 ’st,
1249 878 1474 939 culpant;
1505 887 1553 925 et

519 944 785 992 comedunt
812 958 989 995 tamen.

583 1035 611 1067 P
651 1034 686 1067 A
722 1035 752 1067 L
791 1035 825 1067 A
861 1035 892 1068 Ε
931 1034 954 1069 s
991 1036 1022 1069 Τ
1058 1037 1092 1069 R
1126 1037 1150 1070 1
1187 1037 1236 1071 o.

265 1097 343 1144 Fit
379 1098 464 1158 pol
499 1094 622 1141 illud
653 1094 714 1140 ad
749 1094 871 1140 illud
909 1096 1202 1157 exemplum.
1232 1106 1289 1142 ut
1323 1096 1466 1144 docte
1503 1106 1552 1143 et

518 1177 764 1230 perspecte
797 1167 938 1228 sapit!

424 1252 1407 1289 PERIPLECTOMENES.

261 1313 357 1360 Sed
394 1312 543 1357 iidem
572 1311 790 1356 homines
833 1328 1102 1373 numquam
1140 1313 1339 1373 dicunt,
1378 1332 1577 1380 quam-5

523 1397 671 1443 quam
700 1385 972 1445 appositum
1005 1397 1074 1431 est
1105 1386 1349 1447 ampliter:

256 1458 385 1518 jube
418 1456 540 1503 illud
571 1455 728 1501 demi:
766 1458 882 1502 tolle
918 1458 1040 1503 hanc
1071 1459 1310 1520 patinam:
1349 1475 1546 1509 remove

514 1544 743 1591 pernam:
774 1528 895 1574 nihil
922 1545 1097 1575 moror.

264 1604 413 1651 Aufer
446 1604 577 1650 illam
604 1602 747 1649 offam
773 1601 1014 1664 penitam:
1045 1602 1227 1664 probus
1255 1603 1334 1650 hic
1369 1619 1545 1669 conger

513 1676 734 1741 frigidus:

261 1751 503 1807 Remove,
529 1749 607 1795 abi
623 1784 636 1806 ‚
666 1748 810 1795 aufer.
833 1750 1080 1797 neminem
1105 1767 1273 1798 eorum
1290 1751 1406 1799 haec
1433 1767 1547 1800 asse⁴

514 1839 673 1868 verare
702 1823 889 1869 audias:

261 1896 357 1944 Sed
395 1897 667 1958 procellunt
702 1913 749 1941 se
767 1930 783 1955 ,
829 1907 877 1942 et
908 1897 1242 1958 procumbunt
1276 1896 1545 1956 dimidiati,

513 1968 632 2016 dum
666 1979 915 2031 appetunt.

583 2055 612 2088 Ρ
649 2055 684 2089 A
718 2055 748 2088 L
784 2055 819 2087 A
853 2055 883 2086 Ε
920 2053 943 2087 s
980 2054 1012 2087 Τ
1047 2057 1080 2088 R
1114 2055 1136 2087 1
1176 2055 1226 2089 o.

259 2117 420 2165 Bonus
437 2117 564 2165 bene
580 2127 635 2164 ut
652 2118 801 2163 malos
821 2116 1059 2163 describsit
1077 2117 1253 2163 mores!

404 2211 1384 2248 PERIPLECTOMENES.

1058 2274 1205 2320 Haud
1233 2275 1536 2322 centesimam

260 2346 445 2396 Partem
465 2345 593 2404 dixi,
622 2357 795 2409 atque,
827 2347 983 2396 otium
1007 2347 1074 2397 rei
1092 2349 1129 2395 si
1152 2349 1236 2410 sit,
1260 2348 1436 2412 possim
1452 2361 1539 2396 «εκ-ὲ

509 2437 739 2484 promere.
