1618 2866
255 157 353 223 4¹8
484 154 737 207 MILES
777 154 1292 209 GLORIONSUS
1413 123 1555 225 v.38›

452 274 1364 316 PYRGOPOLINICES.

252 338 417 387 Venus
442 354 522 384 me
548 347 687 383 amat.

578 426 607 458 P
643 425 678 457 A
714 423 745 457 L
781 422 817 457 A
852 425 882 457 E
920 425 942 459 S
980 425 1012 460 Τ
1048 427 1083 461 R
1117 427 1140 461 Ι
1179 428 1227 463 Ο.
1269 423 1275 431 '

449 484 528 543 St,
558 484 684 532 tace'
717 486 994 547 aperiuntur
1028 487 1171 536 fores:
1208 491 1418 538 concede
1436 490 1540 541 huc

1189 552 1495 611 clanculum.

173 655 181 666 ·
247 631 381 680 Haec
411 634 550 680 celox
580 633 704 679 illius
740 644 834 691 est,
876 651 999 695 quae
1028 636 1106 683 hic
1136 638 1374 702 egreditur
1397 631 1542 685 inter·-

501 706 685 752 nuntia.

445 792 1362 831 PYRGOPOLINICES.

244 853 392 924 ⁸Quae
419 854 534 900 haec
563 855 735 902 celox?
1036 873 1037 878 ¹

574 939 605 971 P
641 939 676 971 A
710 939 742 973 1.
779 936 814 973 A
849 940 880 974 E
917 938 942 977 S
979 940 1011 975 T
1046 942 1080 976 R
1114 942 1137 976 Ι
1172 943 1220 978 O.

377 971 615 1046 Ancillula
638 1000 762 1046 illius
781 1013 872 1059 est,
895 1019 1019 1064 quae
1038 1004 1115 1050 hic
1135 1005 1372 1069 egreditur
1390 1003 1536 1065 foras,

244 1074 387 1145 Quae
408 1073 639 1119 anulum
627 1085 782 1121 istunc
801 1077 961 1125 attulit
974 1111 988 1134 ,
1005 1094 1154 1138 quem
1170 1078 1260 1124 tibi
1282 1078 1408 1125 dedi.

441 1158 1356 1197 PYRGOPOLINICES.

976 1224 1165 1286 Edepol
1190 1226 1305 1272 haec
1334 1224 1536 1286 quidem

242 1287 428 1335 Bellula
452 1288 520 1334 ’st.
1415 1311 1419 1314 ·

570 1364 600 1397 P
636 1363 669 1397 A
707 1365 738 1398 L
773 1364 810 1398 A
843 1365 874 1398 E
914 1365 937 1399 S
974 1366 1006 1400 T
1042 1369 1076 1402 R
1109 1369 1132 1401 1
1167 1368 1216 1402 O.

336 1423 606 1469 Pithecium
629 1423 745 1469 haec
763 1435 830 1470 est
847 1441 959 1486 prae
983 1426 1062 1471 illa
1081 1437 1129 1472 et
1149 1427 1532 1490 spinturnicium.

246 1495 417 1545 'Viden’
444 1509 500 1544 tu
529 1498 660 1544 illam
690 1498 837 1544 oculis
868 1510 1148 1546 venaturam
1178 1499 1357 1559 facere,
1384 1511 1531 1561 atque

425 1621 428 1625 ,
495 1571 759 1633 aucupium
787 1572 1008 1618 auribus?

606 1720 996 1768 SCENA
1079 1704 1177 1768 II.

270 1845 792 1888 MJLPHJDIPPA‚
845 1842 1492 1904 PYRGOPOLINICESg

637 1945 1120 1982 PALAESTRIQ

527 2067 1239 2103 MILPHIDIPPA.

232 2122 296 2247 J
298 2200 387 2233 AM
425 2198 492 2233 est
528 2198 638 2232 ante
671 2186 795 2232 aedis
834 2186 1007 2244 circus,
1052 2186 1136 2234 ubi
1171 2197 1282 2234 sunt
1315 2186 1419 2235 ludi
1450 2188 1520 2255 fa·-

495 2259 652 2306 ciendi
678 2259 831 2305 mihi?
1212 2276 1225 2286 ··
1397 2318 1402 2322 Δ

231 2331 579 2389 Dissimulabo,
613 2332 698 2378 hos
730 2331 861 2393 quasi
880 2347 980 2377 non
998 2331 1212 2392 videam,
1240 2349 1402 2397 neque
1420 2347 1515 2380 esse

485 2406 590 2466 hic,
621 2406 764 2454 etiam
789 2404 911 2454 dum
938 2406 1092 2457 sciam.
