1618 2866
246 129 372 215 <426
486 145 741 197 MILES
786 145 1291 196 GLORIOSUS.
1406 147 1538 209 ψει

249 258 366 306 Dixi
394 257 487 304 hoc
522 256 613 302 tibi.
645 254 866 313 dudum,
897 265 945 301 et
972 270 1103 303 nunc
1129 255 1266 304 dico:
1300 255 1387 304 nisi
1418 254 1533 301 huic

439 375 442 378 Α
506 331 627 376 verri
657 328 846 376 affertur
871 344 1047 375 merces
1065 361 1079 386 ,

255 404 369 452 Non
399 404 477 450 hic
505 421 591 451 suo
620 403 820 454 seminio
859 419 1156 466 quamquam
1184 403 1430 463 porculam
1460 403 1536 447 in-

507 479 746 541 pertituru
772 479 842 525 ἐι

547 572 1250 606 MILPHIDIPPA.

255 636 489 696 Dabitur,
522 632 762 699 quantum
788 636 914 697 ipsus
946 635 1068 697 preti
1099 645 1279 696 poscet.

573 742 602 774 P
642 739 676 773 A
711 739 741 772 Ι,
778 738 812 770 Α
854 738 885 769 Ε
924 736 947 769 s
985 736 1016 768 Τ
1051 736 1085 773 Β
1120 735 1142 767 1
1181 734 1228 766 o.

495 803 756 848 Talentum
774 798 1055 858 Philippum
1074 794 1188 840 huic
1207 808 1328 854 opus
1354 790 1454 837 auri
1475 790 1543 837 ’st.

257 874 417 920 Minus
430 873 434 876 ’
447 874 507 920 ab
538 872 733 919 nemine
760 869 970 931 accipiet.

551 958 1263 1002 MILPHIDIPPA.

617 1027 731 1074 Heu
758 1036 933 1073 ecastor
957 1023 1097 1069 nimis
1125 1021 1220 1068 vile
1245 1030 1313 1066 est
1334 1015 1547 1064 tandem.

458 1113 1417 1159 PYRGOPOLINICES..

260 1187 376 1233 Non
407 1186 528 1232 rnihi
563 1183 750 1231 avaritia
782 1195 1019 1242 umquam
1050 1177 1213 1223 innata
1235 1175 1312 1220 ’st:
1346 1171 1450 1218 satis
1485 1178 1553 1216 est

519 1258 805 1304 divitiarum.
1122 1256 1128 1260 '

261 1333 373 1378 Plus
402 1332 522 1378 mihi
544 1331 646 1378 auri
673 1330 805 1376 mille
834 1339 901 1374 est
929 1326 1207 1374 modiorum
1231 1318 1483 1382 Philippei.

583 1433 612 1466 P
651 1433 686 1466 A
723 1431 754 1464 L
791 1429 826 1462 A
861 1429 892 1461 Ε
930 1428 953 1461 s
991 1427 1022 1459 T
1059 1429 1093 1460 R
1132 1426 1153 1458 1
1193 1426 1241 1458 ο.

1050 1489 1236 1533 Praeter
1266 1484 1553 1529 thesaurum.

267 1570 401 1619 Tum
424 1567 605 1634 argenti
632 1577 820 1612 montes
839 1599 853 1622 ‚
884 1579 987 1610 non
1018 1577 1181 1608 massas
1209 1557 1368 1605 habet.
1401 1550 1556 1598 Aetna
1614 1582 1618 1596 ¹,

527 1657 668 1688 mons
695 1655 797 1685 non
829 1653 980 1698 aeque
1013 1635 1148 1680 altus.

562 1730 1271 1778 MILPHIDIPPA.

270 1804 384 1851 Heu
405 1815 580 1851 ecastor
603 1802 855 1848 hominem
881 1793 1150 1861 perjurum!

596 1880 1261 1927 PALAESTRIO.

628 1952 694 1999 Ut
719 1949 867 1996 ludo!

565 2034 1279 2082 MILPHIDIPPA.

778 2103 917 2175 Quid
942 2101 1063 2166 ego?
1089 2111 1146 2145 ut
1169 2096 1383 2143 sublecto
1414 2092 1493 2138 os!

596 2189 1241 2234 PALAESTRIO.

1427 2232 1566 2287 Scite.

570 2328 1278 2375 MILPHIDIPPA.

278 2403 374 2453 Sed
403 2403 601 2460 amabo,
628 2401 765 2446 mitte
792 2413 870 2444 me
899 2405 1130 2442 actutum.
