1618 2866
63 214 199 264 231¹
286 253 288 255 ,
388 193 682 244 ACTUS
727 190 1016 242 V.SC.I.
1254 205 1350 255 ⁴203

357 317 1039 356 MENAECHMUS.

65 391 178 440 Heu
206 391 366 439 hercle
381 425 395 448 ,
428 390 601 437 mulier
615 424 633 451 ,
658 388 872 436 multum
899 398 948 434 et
982 385 1138 433 audax
1169 396 1218 434 et
1249 402 1353 433 ma-

316 465 362 510 la
389 479 448 510 es.

64 537 192 585 Tun’
222 537 312 584 tibi
343 537 467 584 hanc
495 534 770 596 subreptam
803 531 959 579 dicere
989 530 1133 593 audes
1148 566 1163 590 ‚
1200 548 1352 594 quarn

281 613 289 619 ”
316 610 438 657 mihi

67 683 218 732 Dedit
242 684 330 730 alia
357 684 555 741 mulier,
581 693 639 730 ut
665 681 1048 730 concinnandam
1079 680 1274 728 darem?

506 787 549 819 Μ
585 784 622 818 U
657 785 688 818 1.
724 785 746 818 1
780 783 811 818 Ε
846 785 894 819 R.

63 849 164 896 Nae
187 849 306 896 istuc
334 858 565 894 mecastor
580 848 682 912 jam
698 858 884 908 patrem
910 861 1131 891 arcessam
1156 859 1352 902 meum,

63 923 227 985 Atque
263 923 308 970 ei
342 923 542 969 narrabo
571 934 655 969 tua
686 921 887 986 flagitia,
918 937 1043 982 quae
1065 920 1186 966 facis.

62 995 117 1053 I,
136 995 314 1053 Decio,
340 1010 514 1056 quaere
536 1008 705 1039 meum
733 1005 949 1055 patremj
981 1004 1147 1039 tecum
1174 991 1316 1038 simul

62 1066 129 1114 Ut
159 1068 322 1114 veniat
348 1067 408 1112 ad
432 1083 537 1112 me:
565 1066 629 1112 ita
653 1082 757 1112 rem
780 1082 875 1112 esse
896 1064 1057 1111 dicito.

54 1139 167 1200 Jam
195 1157 284 1204 ego
313 1139 520 1201 aperiam
552 1139 691 1186 istaec
725 1150 809 1185 tua
837 1137 1023 1202 flagitia.

354 1239 399 1274 Μ
431 1240 463 1274 E
498 1240 532 1274 N
567 1239 603 1272 A
635 1239 668 1273 E
707 1240 734 1273 C
773 1239 810 1274 H
845 1239 889 1272 M
925 1238 961 1272 U
996 1237 1037 1272 S.

1017 1296 1184 1345 Sanan'
1205 1313 1251 1343 es
1268 1295 1292 1343 ?

61 1371 203 1442 Quae
232 1387 340 1418 mea
370 1367 582 1436 flagitia?

503 1465 546 1498 M
584 1463 620 1497 U
654 1464 686 1498 L
720 1464 743 1498 1
777 1464 808 1497 Ε
844 1465 892 1498 R.
948 1451 954 1455 '

365 1523 535 1594 Quom
565 1517 741 1587 pallam
768 1536 916 1586 atque
945 1538 1117 1570 aurum
1147 1539 1315 1582 meum

59 1595 225 1644 Domo
259 1597 464 1659 suppilas
496 1598 635 1644 uxori
659 1609 800 1655 tuae,
830 1608 878 1642 et
910 1607 1022 1642 tuae

58 1669 252 1735 Degeris
283 1670 473 1717 amicae.
507 1670 638 1717 satin’
667 1672 783 1717 haec
815 1681 942 1716 recte
978 1668 1200 1716 fabulor?

350 1771 1028 1806 MENAECHMUS.

62 1839 256 1910 Quaeso
284 1841 443 1888 hercle
457 1876 471 1899 ‚
501 1843 701 1901 mulier,
735 1843 773 1889 si
802 1843 914 1901 scis,
937 1852 1150 1890 monstra
1166 1875 1181 1899 ,
1207 1838 1348 1903 quod

312 1916 480 1962 bibam
495 1950 512 1973 ,

61 1983 221 2031 Tuam
254 1987 341 2048 qui
369 1987 544 2048 possim
577 1986 764 2048 perpeti
789 1985 1118 2046 petulantiam.

63 2057 229 2126 Quem
251 2071 307 2107 tu
335 2061 588 2107 hominem
617 2075 698 2105 me
727 2058 947 2104 arbitrare
965 2091 980 2114 ,
1011 2057 1187 2103 nescio.

64 2127 167 2192 Ego
202 2139 251 2174 te
280 2130 442 2178 simitu
473 2132 591 2178 novi
621 2147 735 2177 cum
761 2130 1040 2175 Parthaone.

500 2233 892 2268 MULIER.

64 2294 115 2342 Si
138 2311 217 2341 me
249 2295 455 2356 derides,
480 2311 529 2346 at
556 2302 642 2361 pol
666 2300 807 2347 illum
834 2316 936 2346 non
963 2310 1099 2361 potes
1116 2331 1131 2355 ,

63 2368 251 2414 Patrem
280 2385 445 2414 meum
460 2403 475 2426 ,
507 2373 594 2432 qui
611 2373 708 2419 huc
736 2372 944 2420 advenit.
978 2371 1101 2433 quin
1128 2367 1346 2431 respicis?

65 2439 297 2488 Novistin'
320 2452 376 2487 tu
405 2441 578 2488 illum?
