1618 2866
91 165 218 212 v.26
354 160 762 210 ACTUSII.
815 160 923 210 SC.
973 163 1104 209 111.
1285 178 1374 228 173

93 271 217 316 Nam
240 270 304 316 ita
331 283 442 316 sunt
466 271 543 317 hic
572 269 835 315 meretrices
853 285 1019 316 omnes
1046 269 1285 316 elecebrae
1303 287 1376 316 ar-

351 344 595 407 gentariae.

95 413 190 462 Sed
208 417 306 462 sine
331 433 411 462 me
430 416 550 462 dum
576 417 698 462 hanc
722 416 1000 477 conpellare.
1026 415 1158 462 Heus
1180 417 1375 464 mulier!

864 487 954 533 tibi
981 486 1104 534 dico.

497 573 528 605 Ε
567 574 600 606 R
635 573 668 606 ο
705 573 736 605 Τ
771 573 794 605 1
829 571 864 604 U
900 572 958 604 Μ.

1102 633 1239 702 Quid
1274 632 1374 682 est?

221 747 229 750 -
478 715 522 748 M
555 713 586 747 Ε
624 714 646 748 s
682 714 706 748 s
742 716 772 748 Ε
807 715 843 748 N
866 715 897 748 Ἰ
935 716 986 750 ο.

96 779 188 826 Ubi
215 787 270 824 tu
303 777 435 822 hunc
468 775 719 821 hominem
746 775 952 822 novisti?

491 871 521 903 Ε
559 871 592 903 R
632 871 663 903 o
701 871 732 904 Τ
767 871 789 903 1
825 870 861 903 U
896 871 954 904 M.

591 930 807 989 Ibidem,
837 931 922 977 ubi
943 931 1020 977 hic
1040 948 1119 979 me
1130 935 1232 998 jam
1257 935 1373 996 diu,

94 1000 154 1045 In
176 998 458 1060 Epidamno.
894 1044 914 1050 s

472 1082 513 1114 M
551 1082 580 1114 E
618 1083 640 1115 s
681 1082 703 1115 s
737 1082 768 1114 E
805 1083 839 1116 Ν
875 1083 895 1114 1
933 1083 981 1115 ο.

288 1145 348 1189 In
379 1143 684 1204 Epidamno?
714 1142 802 1203 qui
829 1144 924 1189 huc
958 1144 1009 1188 in
1046 1143 1168 1189 hanc
1203 1145 1373 1192 urbem

1068 1216 1244 1276 pedem
1260 1250 1275 1273 ‚

99 1290 199 1336 Nisi
227 1289 372 1335 hodie
389 1323 404 1347 ‚
438 1305 710 1349 numquam
733 1289 860 1333 intro
891 1288 1064 1334 tetulit.

495 1381 526 1412 Ε
561 1381 595 1413 R
631 1381 663 1412 ο
701 1380 732 1413 Τ
766 1380 788 1412 1
825 1379 860 1412 U
895 1380 949 1412 M.

889 1440 971 1485 Eia
987 1475 1001 1497 ‚
1027 1441 1211 1489 delicias
1236 1444 1374 1503 facis,

98 1514 171 1560 Mi
192 1513 513 1560 Menaechme.
540 1512 659 1573 quin
676 1545 691 1568 ,
718 1509 915 1566 amabe,
944 1510 979 1555 is
1002 1511 1150 1558 intro:
1182 1514 1260 1559 hic
1283 1515 1371 1560 tibi

352 1585 439 1631 erit
463 1585 646 1630 rectius.
1179 1575 1185 1580 ⁴

400 1667 1071 1704 MENAECHMUS.

98 1733 229 1779 Haec
268 1732 467 1793 quidem
509 1729 683 1790 edepol
724 1740 850 1774 recte
890 1730 1096 1791 appellat
1136 1746 1248 1777 meo
1291 1747 1373 1778 me

120 1864 122 1868 .
193 1863 204 1869 η
349 1804 520 1849 mulier
550 1802 761 1848 nomine.

99 1863 249 1921 'Nimis
279 1876 451 1934 miror,
483 1875 604 1936 quid
633 1875 726 1920 hoc
753 1874 817 1919 sit‘
837 1873 1014 1938 negoti.

460 1969 503 2001 M
539 1970 570 2002 E
606 1967 629 2002 s
666 1969 689 2003 s
726 1969 758 2001 Ε
795 1968 830 2001 N
863 1968 885 2000 1
924 1968 973 1999 o.

845 2029 1053 2076 Oboluit
1080 2029 1375 2091 marsupium

104 2088 231 2134 Huic
252 2091 398 2151 istuc,
430 2094 566 2154 quod
589 2094 746 2140 habes,

404 2179 447 2212 M
482 2180 512 2211 Ε
547 2181 580 2212 N
615 2181 651 2212 A
684 2181 715 2212 Ε
751 2181 778 2213 c
814 2181 849 2213 Η
884 2182 927 2213 Μ
963 2181 999 2213 U
1034 2181 1072 2214 s.

389 2238 551 2300 Atque
575 2242 749 2302 edepol
775 2253 830 2288 tu
854 2257 934 2287 me
957 2242 1186 2288 monuisti
1207 2240 1372 2302 probe.

105 2307 401 2369 Accipedum
424 2311 529 2358 hoc.
545 2315 645 2376 jam
667 2315 823 2371 scibo,
852 2326 1017 2361 utrum
1043 2316 1159 2361 haec
1179 2329 1257 2360 me
1273 2327 1374 2359 ma-

356 2397 414 2444 ge
441 2381 593 2442 amet‚
621 2402 683 2431 an
710 2388 1012 2448 marsupium.
