1618 2866
93 203 189 240 ῆι
351 181 706 234 -ACTUS
757 182 835 228 11.
879 177 986 228 SC;
1037 180 1075 226 1.
1286 193 1377 240 345

350 363 403 415 A
469 354 635 414 CT
703 352 862 411 US
961 349 1077 408 LI.

477 474 869 532 SCENA
943 481 984 527 1.

425 612 1070 648 PALAESTRIO.

99 667 350 784 MIHI
395 732 458 780 ad
493 732 810 780 enarrandum
840 732 935 778 hoc
970 741 1311 796 argumentum
1328 730 1383 776 'st

352 807 546 854 comitas
563 841 579 864 ,

100 878 151 927 Si
185 879 246 927 ad
275 878 645 926 auscultandum
675 891 831 925 vostra
856 878 942 924 erit
963 877 1243 941 benignitas.

102 951 210 1020 Qui
242 964 406 999 autem
430 953 690 1000 auscultare
722 952 845 997 nolit
863 987 877 1008 ‚
910 962 1126 1014 exsurgat
1155 948 1304 1004 foras,

101 1026 167 1073 Ut
195 1026 253 1072 sit
283 1026 371 1072 ubi
402 1026 559 1071 sedeat
586 1026 664 1071 ille
687 1059 701 1082 ‚
739 1025 826 1086 qui
860 1025 1119 1070 auscultare
1149 1022 1269 1067 volt.

101 1100 245 1146 Nunc
279 1117 376 1160 qua
411 1100 633 1145 assedistis
663 1116 817 1146 caussa
844 1099 895 1144 in
923 1099 1090 1144 festivo
1116 1098 1226 1142 loco
1242 1128 1259 1151 ,

103 1172 414 1231 Comoediai,
443 1190 592 1234 quam
619 1173 768 1219 modo
796 1173 945 1219 acturi
969 1188 1131 1218 sumus
1148 1205 1162 1228 ,

103 1246 166 1293 Et
194 1257 555 1307 argumentum,
588 1258 635 1292 et
670 1263 852 1292 nomen
878 1246 1015 1293 vobis
1042 1247 1254 1306 eloquar.

104 1313 408 1368 ΑΛΑΖΩΝ
437 1321 613 1367 Graece
638 1321 750 1367 huic
775 1336 958 1367 nomen
977 1331 1045 1367 est
1067 1318 1387 1376 Comoediae,

105 1394 166 1440 Id
187 1411 275 1441 nos
306 1395 473 1440 Latine
505 1394 747 1439 Gloriosum
774 1393 987 1439 dicimus.

106 1465 218 1512 Hoc
249 1465 488 1528 oppidum
510 1465 705 1527 Ephesu
724 1465 805 1511 ’stz
840 1465 955 1511 inde
988 1476 1056 1510 est
1086 1464 1224 1510 Miles
1257 1479 1393 1509 meus

358 1538 498 1584 herus

105 1609 210 1680 Qui
240 1610 352 1656 hinc
382 1608 445 1655 ad
470 1608 630 1655 forum
656 1608 772 1654 abiit
788 1643 801 1665 ‚
832 1609 1058 1672 gloriosus
1074 1643 1088 1666 ‚
1120 1608 1391 1670 inpudens,

107 1681 400 1739 stercoreas,
429 1682 600 1743 plenus
627 1680 804 1744 perjuri
838 1692 984 1741 atque
1011 1680 1228 1726 adulteri.

108 1754 191 1801 Ait
215 1770 309 1799 sese
329 1755 455 1799 ultro
493 1754 646 1799 omnis
683 1754 902 1799 mulieres
940 1753 1166 1799 sectarier.

112 1826 157 1871 Is
187 1825 520 1873 deridiculu’st
536 1861 550 1884 ,
582 1842 776 1887 quaqua
802 1826 1007 1884 incedit,
1040 1826 1280 1872 omnibus.

110 1893 282 1960 Itaque
307 1901 384 1946 hic
410 1900 674 1946 meretrices
702 1900 835 1946 labiis
868 1900 990 1946 dum
1019 1900 1219 1946 ductant
1249 1915 1392 1956 eum,

113 1969 343 2033 Majorern
367 1984 552 2033 partem
581 1972 738 2019 videas
771 1972 914 2036 valgis
944 1973 1087 2018 saviis.

116 2042 243 2088 Nam
264 2061 351 2107 ego
373 2048 504 2093 haud
522 2048 606 2094 diu
625 2048 754 2110 apud
777 2049 908 2094 hunc
928 2049 1205 2094 servitutem
1232 2048 1396 2094 servio.

114 2116 175 2163 Id
193 2118 307 2163 volo
328 2136 410 2165 vos
430 2122 567 2179 scire,
601 2122 854 2183 quomodo
878 2122 940 2167 ad
967 2123 1098 2168 hunc
1118 2121 1394 2168 devenerim

119 2191 182 2236 In
211 2192 508 2252 servitutem,
539 2196 600 2241 ab
630 2213 687 2242 eo
720 2197 839 2257 quoi
875 2196 1041 2241 servivi
1066 2196 1207 2257 prius.

120 2261 244 2307 Date
275 2278 478 2322 operam.
505 2282 616 2312 nam
644 2284 776 2313 nunc
799 2279 1136 2332 argumentum
1165 2266 1391 2313 exordiar.

117 2334 228 2380 Erat
253 2334 391 2379 herus
420 2336 614 2383 Athenis
646 2340 765 2385 mihi
796 2340 1066 2386 adulescens
1090 2351 1344 2401 optumus:

118 2406 164 2452 Is
194 2405 381 2452 amabat
411 2409 704 2458 meretricem
725 2422 874 2458 matre
901 2411 1098 2457 Athenis
1126 2408 1318 2463 Atticis,
