1618 2866
248 174 342 224 616
703 174 741 221 P
774 176 814 223 E
845 175 889 223 R
922 174 952 222 S
985 175 1038 222 A.
1406 195 1530 241 v.13

641 298 677 330 D
714 298 746 330 o
784 298 818 332 R
853 299 889 331 D
925 288 960 331 'A
993 298 1026 331 L
1061 298 1097 331 u
1133 298 1173 332 s,

444 356 580 427 Quid
610 358 712 405 vis?

674 442 706 475 T
745 443 777 476 Ο
814 442 849 476 Χ
887 446 907 478 Ι
942 445 972 478 L
1012 446 1048 479 U
1085 445 1125 479 S·
1484 486 1487 489 ,

706 505 785 550 Tu
809 506 859 551 in
897 507 983 552 illis
1010 524 1054 553 es
1081 507 1249 554 decem
1276 507 1531 556 sodalibus:

250 572 322 620 Te
352 574 403 621 in
430 577 648 624 exsilium
671 578 738 624 ire
761 579 871 624 hinc
900 592 1105 642 oportet.

638 669 674 702 D
710 669 742 701 Ο
778 670 813 702 R
848 670 883 701 D
923 670 957 702 A
991 671 1023 703 L
1059 670 1094 702 U
1132 670 1200 722 S.⁴

918 731 1056 800 Quid
1078 731 1216 796 jam?

675 829 708 862 T
746 830 778 862 Ο
814 829 850 861 X
885 830 906 862 Ι
941 830 972 862 L
1010 830 1045 862 U
1083 831 1123 865 S.

1089 891 1217 962 Quia
1234 893 1451 958 perjurus
1474 909 1532 939 es.

638 982 675 1014 D
711 981 744 1014 O
781 981 815 1015 R
851 983 885 1015 D
921 982 955 1014 A
992 982 1022 1015 L
1059 982 1094 1015 U
1132 984 1173 1017 S.

251 1037 410 1089 Verba
437 1041 640 1102 quidem
662 1043 792 1089 haud
824 1043 1012 1090 indocte
1044 1043 1168 1090 fecit.

671 1141 702 1173 T
740 1141 771 1173 ο
809 1141 844 1173 x
883 1141 902 1173 1
939 1141 969 1173 1.
1007 1141 1041 1172 U
1079 1141 1113 1174 s.

518 1201 592 1248 Ex
622 1212 737 1259 tuo,
774 1201 1000 1261 inquam,
1029 1215 1114 1246 usu
1141 1212 1231 1248 est:
1263 1220 1368 1251 eme
1394 1199 1528 1253 hanc.

639 1300 674 1332 D
714 1299 745 1332 Ο
785 1301 818 1334 R
854 1301 889 1333 D
926 1302 959 1333 A
996 1301 1025 1333 L
1064 1301 1098 1333 U
1135 1302 1175 1335 s.

247 1358 435 1421 Edepol
465 1360 551 1420 qui
578 1376 732 1422 quom
764 1361 884 1407 hanc
915 1361 1058 1424 magis
1092 1361 1398 1423 contemplo,
1431 1378 1531 1408 ma-

919 1434 983 1504 gis
1012 1435 1178 1495 placet.

673 1530 705 1564 T
740 1530 773 1563 Ο
808 1530 845 1564 Χ
881 1529 902 1561 I
936 1527 967 1561 L
1005 1527 1040 1560 U
1078 1528 1115 1561 S.

1110 1588 1159 1636 Si
1184 1589 1305 1635 hanc
1336 1589 1498 1635 emeris
1516 1625 1532 1648 ‚

248 1657 329 1704 Dii
357 1657 656 1714 inmortaleS,
688 1659 847 1705 nullus
868 1661 981 1706 leno
1004 1671 1052 1706 te
1079 1662 1193 1707 alter
1222 1660 1309 1707 erit
1329 1664 1530 1724 opulen-

506 1731 614 1776 tior.

245 1804 441 1852 Evortes
461 1816 545 1851 tuo
571 1805 798 1851 arbitratu
827 1807 1039 1855 homines
1073 1809 1230 1855 fundis
1250 1845 1264 1866 ,
1295 1808 1489 1855 familiis,

245 1878 373 1924 Cum
394 1879 601 1940 optumis
625 1879 730 1924 viris
751 1895 852 1925 rem
874 1880 1092 1928 habebis:
1120 1882 1313 1946 gratiam
1335 1883 1530 1944 cupient

499 1964 655 1998 tuam:

243 2022 452 2070 Venient
485 2025 547 2071 ad
579 2036 627 2071 te
662 2026 974 2073 comissatum.

635 2125 672 2157 D
715 2125 746 2157 o
786 2126 818 2158 n
854 2127 888 2158 D
928 2125 964 2157 A
999 2124 1029 2157 1.
1065 2124 1100 2156 U
1137 2125 1172 2158 s.

733 2184 798 2230 At
822 2203 909 2250 ego
940 2185 1192 2231 intromitti
1229 2201 1330 2232 non
1363 2187 1525 2235 sinam.

666 2283 1105 2317 TOXILUS.

242 2348 307 2396 At
335 2351 463 2397 enim
479 2350 546 2395 illi
566 2361 716 2398 noctu
749 2351 1068 2398 occentabunt
1097 2353 1298 2412 ostium,
1327 2364 1529 2401 exurent

493 2423 637 2472 fores:
