1618 2866
85 176 223 224 v-39
367 155 657 206 ACTUS
710 155 829 203 111.
876 155 980 204 SC
1033 157 1114 204 11.
1269 154 1358 221 183

434 278 1007 314 PENICULUS

88 340 395 389 Menaechme
408 373 424 396 ‚
454 338 606 403 vigila.

391 425 433 457 M
468 425 498 456 E
533 424 566 456 N
603 424 637 456 A
674 423 705 456 Ε
739 423 767 456 C
802 423 837 456 H
872 423 916 456 M
951 423 986 456 U
1023 423 1063 457 S.

346 485 505 550 Vigilo
538 485 694 532 hercle
718 485 943 547 equidem
960 520 975 543 ,
1007 484 1143 548 quod
1173 485 1326 532 sciam.

440 581 469 614 P
503 581 535 614 E
569 582 617 614 N*
637 581 658 613 1
693 581 721 615 C
757 580 795 613 U
829 581 859 613 L
897 579 932 612 U
969 580 1006 614 S.

91 639 257 687 Tuum
277 640 529 702 parasitum
559 656 661 686 non
690 635 894 687 novisti?

116 706 121 707 ⁷
383 736 427 770 M
458 737 491 773 Ε
526 737 559 772 N
594 737 630 771 A
663 738 694 771 E
729 737 757 770 C
792 737 828 769 Η
862 737 905 770 Μ
940 737 977 770 U
1012 734 1051 770 S.

929 796 1044 842 Non
1073 796 1162 842 tibi

15 898 19 899 ν
91 867 270 917 Sanum
285 868 340 915 ’st
357 902 372 926 ,
398 867 701 926 adulescens,
731 869 964 930 sinciput,
992 879 1050 914 ut
1077 868 1318 932 intellego.

438 956 471 996 P
502 964 532 996 E
570 966 603 997 N
639 964 661 996 1
696 965 723 997 c
758 964 793 996 U
828 965 858 997 Ι,
897 963 932 996 U
969 964 1008 997 s.

91 1023 371 1085 Responde,
399 1023 714 1083 subripuistin'
736 1022 876 1068 uxori
900 1034 1012 1069 tuae

92 1098 272 1143 Pallam
303 1096 447 1141 istanc
473 1095 646 1152 hodie,
678 1105 824 1155 atque
847 1094 1016 1140 dedisti
1048 1093 1245 1140 Erotio?

386 1180 1052 1228 MENA'EcuMus.

96 1250 270 1310 Neque
299 1251 458 1308 hercle
491 1268 579 1315 ego
618 1268 820 1298 uxorem
855 1253 1009 1300 habeo
1029 1267 1241 1316 ,neque
1279 1269 1367 1318 ego

348 1322 512 1367 Erotio

98 1391 254 1452 Dedi,
288 1409 377 1439 nec
403 1393 577 1454 pallam
601 1393 827 1456 subripui.

448 1495 1014 1532 PENICULUS.

833 1556 976 1603 Satin’
998 1572 1133 1603 sanus
1158 1558 1241 1603 es?

99 1596 300 1670 occisa’
301 1636 342 1671 st
370 1625 485 1672 haec
508 1643 607 1674 res.
628 1643 731 1672 non
756 1644 843 1692 ego
873 1639 923 1674 te
952 1629 1182 1676 indutum
1208 1629 1328 1677 foras

99 1697 242 1744 Exite
265 1697 364 1746 vidi
392 1699 544 1759 palla?

393 1795 438 1828 M
470 1794 501 1826 E
537 1795 571 1828 N
608 1795 643 1826 A
676 1794 706 1826 E
745 1795 772 1827 C
810 1795 845 1827 H
879 1795 923 1829 M
958 1796 995 1829 U
1029 1795 1067 1830 S·

552 1855 651 1901 Vae
679 1856 819 1917 capiti
850 1858 968 1903 tuo!

106 1926 274 1974 Omnis
305 1927 522 1974 cinaedos
554 1944 648 1973 esse
678 1944 833 1974 censes
852 1964 866 1985 ,
901 1941 956 1976 tu
986 1931 1098 1991 quia
1132 1947 1193 1976 es·

107 1996 231 2043 Tun’
255 2016 334 2045 me
366 2000 592 2045 indutum
625 2000 762 2046 fuisse
791 2003 963 2063 pallam
993 2001 1260 2064 praedicas?

454 2102 482 2133 P
517 2101 547 2133 Ε
582 2102 615 2133 N
649 2101 671 2133 1
709 2102 735 2133 c
773 2100 809 2132 U
846 2103 877 2135 Ι,
912 2103 947 2135 U
983 2102 1020 2136 s.

108 2156 211 2220 Ego
233 2158 385 2206 hercle
410 2178 537 2208 vero.

398 2255 440 2287 M
473 2255 503 2287 Ε
538 2256 572 2288 Ν
609 2254 644 2287 Α
678 2255 709 2287 Ε
748 2256 775 2288 c
813 2255 847 2287 H
881 2255 924 2286 M
959 2254 995 2286 U
1031 2253 1067 2286 s.

523 2315 635 2361 Non
667 2327 722 2362 tu
752 2316 846 2361 abis
866 2350 880 2372 ,
917 2331 1016 2376 quo
1049 2315 1218 2378 dignus
1246 2312 1326 2359 es?

116 2384 216 2431 Aut
236 2394 285 2430 te
305 2384 421 2445 piari
447 2386 586 2449 jubes
603 2421 618 2445 ,
650 2389 801 2434 homo
826 2388 1126 2434 insanissume
1141 2388 1162 2431 Ξ)

1046 2461 1100 2506 Μ
1132 2476 1159 2519 4
