1618 2866
122 147 254 208 *46
454 137 729 189 AcTth
775 135 879 184 ιν
921 134 1022 183 sc.
1073 135 1134 183 v.
1230 152 1262 168 a
1317 141 1412 200 3ιί

127 252 354 330 Measque
380 247 431 293 in
464 246 589 292 aedis
615 245 677 290 sic
704 253 853 289 scorta
887 240 1199 287 obductarier.

127 322 306 385 Syra,
294 338 337 377 1,
370 330 533 383 rogato
565 333 732 363 meum
759 326 947 376 patrem
971 313 1126 359 verbis
1150 312 1266 359 meis
1282 345 1300 372 ,

129 396 196 444 Ut
226 395 386 444 veniat
412 393 472 439 ad
502 408 581 438 me
597 393 699 456 jam
726 389 868 435 simul
892 399 1055 434 tecum
1080 387 1191 433 huc.

654 474 900 510 SYRA.

403 573 417 586 χ
1234 525 1325 573 Eo.

432 602 1086 638 LYSIMACHUS.

129 666 316 723 Nescis,
342 664 506 729 negoti
534 662 656 725 quid
689 663 778 719 sit,
808 677 944 708 uxor.
978 662 1199 708 obsecro!

132 738 384 800 Conceptis
409 735 562 783 vexbis
582 737 685 800 jam
711 735 1048 800 jusjurandum
1075 735 1202 781 dabo
1222 768 1237 792 ‚

132 810 214 858 Me
240 824 511 869 numquam
544 806 817 868 quidquam
840 824 954 855 cum
979 808 1071 853 illa.
1102 808 1270 872 jamne
1296 807 1413 856 abiit

389 881 421 927 S
456 880 538 926 ra?

130 955 252 1004 Perii
281 899 462 1003 hercley!
501 970 609 1000 ecce
635 964 798 999 autem
822 953 937 998 haec
962 952 1091 1000 abiit.
1128 969 1214 1002 vae
1239 954 1410 1005 misero

385 1026 535 1072 mihi!

134 1092 200 1139 At
228 1103 300 1149 te,
331 1091 518 1147 vicine,
541 1090 624 1136 Dii
654 1090 884 1151 Deaeque
908 1089 1137 1151 perduint
1154 1125 1172 1149 ,

135 1167 244 1212 Tua
275 1182 388 1211 cum
419 1165 592 1222 amica,
620 1181 833 1225 cumque
859 1165 1190 1211 amationibus.

135 1237 412 1299 Suspicione
446 1237 647 1299 inplevit
674 1254 755 1284 me
784 1236 1150 1301 indignissume:

136 1311 358 1358 Concivit
387 1311 557 1356 hostis:
588 1310 723 1356 domi
751 1325 874 1355 uxor
903 1322 970 1355 est
996 1327 1249 1357 acerruma.

134 1384 227 1429 Ibo
259 1383 320 1429 ad
340 1382 524 1440 forum,
550 1394 695 1444 atque
716 1382 1016 1445 Demiphoni
1042 1383 1157 1430 haec
1190 1385 1415 1445 eloquar,-

136 1457 219 1503 Me
247 1457 393 1503 istanc
427 1456 596 1518 capillo
622 1467 975 1518 protracturum
1005 1474 1099 1502 esse
1125 1457 1176 1502 in
1207 1458 1335 1504 viam
1353 1492 1370 1515 ,

134 1531 237 1578 Nisi
261 1531 374 1577 hinc
411 1530 638 1588 abducit,
670 1546 771 1591 quo
800 1530 934 1586 volt,
967 1546 1028 1575 ex
1055 1529 1180 1574 hisce
1208 1529 1415 1576 aedibus.

135 1604 293 1651 Uxor!
326 1605 443 1650 heus
467 1605 617 1650 uxor!
653 1619 951 1664 quamquam
978 1614 1035 1649 tu
1053 1603 1166 1649 irata
1197 1619 1243 1649 es
1268 1603 1414 1668 mihi,

133 1677 335 1737 Jubeas,
366 1679 404 1724 si
434 1679 607 1740 sapias,
634 1677 751 1723 haec
781 1677 908 1723 int10
937 1677 1051 1723 hinc
1083 1676 1331 1725 auferrie1:

138 1750 315 1799 Eadem
344 1750 507 1798 licebit
530 1766 650 1797 mox
675 1766 873 1796 coenare
903 1749 1086 1797 rectius.

566 1879 891 1927 SGENA
961 1879 1008 1925 V.

328 1999 1224 2039 SYRA.EUTYCHUS.

659 2117 906 2153 SYRA.

150 2165 409 2278 HERA
453 2247 553 2292 quo
585 2250 667 2281 me
699 2235 828 2283 misit
864 2235 926 2282 ad
962 2245 1179 2297 patrem,
1215 2249 1317 2281 non
1354 2243 1422 2279 est

404 2300 561 2347 domi:

150 2364 250 2414 Rus
283 2363 443 2412 abiisse
478 2366 650 2415 aibant.
684 2385 818 2420 nunc
849 2371 1054 2420 domum
1079 2370 1319 2419 1enuntio.

1127 2444 1235 2502 V4
