1618 2866
69 141 203 192 v-95
366 122 659 173 ACTUS
709 121 811 171 IV.
865 119 970 170 SC.
1015 122 1092 169 11.
1254 138 1350 186 429

262 241 1164 282 PYRGOPOLINICES.

373 307 447 354 Ne
479 306 625 370 magis
653 305 741 350 sim
774 304 1003 366 pulcher,
1038 319 1186 366 quam
1215 319 1351 351 sumz

66 382 142 431 Ita
164 398 245 430 me
280 398 386 428 mea
418 381 568 428 forma
595 379 832 426 solicitum
858 378 1018 424 habet.

391 476 422 509 P
457 475 493 509 A
527 474 558 507 Ι.
593 474 630 507 A
664 474 695 507 Ε
732 473 755 506 s
794 472 824 505 Τ
861 473 895 506 R
932 472 953 504 1
990 472 1038 505 o.

433 532 573 602 Quid
590 533 669 578 hic
688 547 818 577 nunc
839 530 956 577 stas?
977 530 1099 592 quin
1121 529 1217 576 abis
1230 528 1254 576 Ξ)

357 623 1069 661 MILPHIDIPPA.

1199 674 1355 724 Abeo.⁴

389 753 1031 788 PALAESTRIO.

67 814 229 877 Atque
243 813 362 861 adeo
376 848 390 871 ‚
408 813 566 859 audin’
588 813 676 859 tu?
695 812 841 858 dicito
860 811 1001 858 docte
1024 822 1073 858 et
1094 810 1301 859 cordate.

355 904 1066 940 MILPHIDIPPA.

945 963 1011 1010 Ut
1036 980 1118 1010 cor
1140 965 1184 1010 ei
1208 965 1351 1012 saliat.

393 1050 421 1082 P
458 1048 492 1080 A
530 1048 561 1081 L
596 1049 632 1081 A
665 1049 696 1082 E
733 1048 757 1082 s
793 1049 825 1082 T
860 1051 895 1084 R
922 1035 949 1082 i
986 1051 1034 1084 ο.

67 1108 409 1155 Philocomasio
430 1108 505 1154 dic
519 1142 533 1165 ‚
562 1108 598 1152 si
615 1120 682 1154 est
706 1109 783 1155 hic
796 1143 811 1167 ‚
832 1109 1036 1157 domum
1052 1122 1107 1158 ut
1126 1122 1346 1159 transeat:

317 1181 447 1226 hunc
479 1181 556 1227 hic
585 1198 690 1227 esse.

355 1270 1073 1314 MILPHIDIPPA.'

65 1335 159 1383 Hic
185 1351 296 1382 curn
322 1351 429 1380 mea
456 1336 567 1382 hera
583 1337 637 1381 'st
654 1371 668 1393 ‚
702 1338 823 1383 clam
853 1351 1070 1387 nostrum
1092 1341 1221 1388 hunc
1253 1337 1346 1388 sef-

315 1424 514 1455 monem
529 1410 860 1475 -sublegerunt.
897 1405 903 1410 “

386 1502 1032 1540 PALAESTRIO.

62 1562 244 1624 Lepide
273 1561 454 1608 factum
470 1563 547 1609 ’stz
583 1565 685 1627 jam
728 1581 787 1610 ex
815 1582 1031 1613 sermone
1057 1568 1148 1614 hoc
1175 1567 1344 1634 gube1⁴

148 1686 156 1695 ι
316 1637 503 1683 nabunt
530 1636 714 1684 doctius
744 1655 888 1700 porro

61 1700 197 1750 Rem.

352 1780 1063 1819 MILPHIDIPPA.

159 1841 462 1889 Memorare.

382 1929 410 1960 P
446 1928 481 1960 A
516 1927 547 1960 1.
581 1927 618 1960 Α
651 1928 680 1960 Ε
718 1927 741 1961 s
778 1928 810 1960 ‘r
848 1927 882 1960 R
917 1927 937 1959 1
974 1927 1020 1959 o.

286 1986 447 2039 Abeo;
477 2003 637 2048 neque
656 1998 705 2033 te
721 2004 882 2033 moror
894 2020 908 2042 ‚
927 2001 1087 2046 neque
1106 1996 1154 2032 te
1172 1997 1343 2052 tango,

857 2077 1019 2122 neque
1036 2073 1097 2106 te.
1128 2072 1275 2108 taceo.

260 2152 1159 2189 PYRGOPOLINICES.

57 2210 185 2270 Jube
208 2221 434 2256 maturate
454 2212 587 2261 -illam
614 2215 740 2261 exire
766 2215 871 2260 huc.
897 2216 998 2278 jam
1019 2215 1093 2262 isti
1119 2217 1185 2262 tei
1206 2232 1340 2278 prae-

316 2292 569 2333 vottemur.
