1618 2866
198 191 292 244 54⁷2
427 162 1218 227 MOSTELL‘ARIA.
1350 183 1476 243 ηδ

655 294 686 327 G
723 295 756 328 R
793 293 828 326 U
866 295 909 328 M
944 296 966 329 Ι
1003 296 1051 330 Ο.
1109 299 1114 303 ’

197 357 327 428 Quia
366 371 636 416 numquam
675 354 856 402 meruit
892 367 948 403 tu
981 359 1226 417 meruisti,
1261 371 1308 407 et
1342 376 1475 408 nunc

449 445 610 474 meres.

602 558 605 560 v
646 514 676 547 T
713 515 746 548 Β
782 515 817 548 A
851 516 886 548 N
921 515 942 548 1
978 515 1025 549 ο.

202 573 440 620 Orationis
469 589 661 634 operam
694 573 1065 635 conpendiface,

194 646 294 692 Nisi
324 659 371 693 te
400 648 522 693 mala
551 664 600 692 re
632 664 799 711 magna
831 650 1022 694 mactari
1052 650 1196 711 cupis⁴

654 745 686 777 G
722 746 755 779 Β
792 745 827 778 U
863 746 905 778 M
941 746 960 778 1
998 746 1044 779 o.

195 802 374 850 Ervom
405 803 604 850 daturin’
632 806 762 863 estis,
791 806 952 852 bubus
986 806 1124 867 quod
1154 806 1334 852 feram?

197 874 322 921 Date
353 893 455 934 aes,
485 877 520 921 si
550 893 651 922 non
685 879 801 923 estis.
839 879 961 941 agite
990 895 1160 940 porro,
1189 879 1368 942 pergite

203 947 476 1014 Quomodo
505 949 772 1009 occepistis:
805 949 984 1006 bibite,
1015 950 1406 1013 pergraecamini,

201 1019 338 1077 Este,
374 1020 576 1066 effercite
606 1038 716 1078 vos,
752 1022 957 1086 saginam
989 1022 1182 1080 caedite.

646 1115 677 1147 T
715 1116 748 1148 R
786 1114 820 1146 A
855 1115 887 1147 N
924 1115 944 1147 1
983 1116 1031 1148 o.

198 1174 350 1232 Tace,
375 1186 521 1236 atque
547 1192 624 1220 rus
654 1175 752 1220 abi:
788 1191 875 1238 ego
904 1175 970 1220 ire
996 1176 1045 1220 in
1073 1174 1290 1221 Piraeum
1307 1175 1449 1232 volO,

196 1248 256 1294 In
287 1265 538 1308 vesperum
567 1263 726 1308 parare
758 1247 992 1307 piscatum
1025 1248 1156 1294 mihi.

197 1320 377 1366 Ervom
399 1320 488 1364 tibi
519 1320 689 1379 aliquis
718 1336 811 1365 cras
841 1319 950 1365 faxo
978 1321 1037 1366 ad
1058 1321 1219 1367 villam
1248 1321 1418 1368 afferat.

201 1393 338 1463 Quid
367 1394 465 1439 est?
499 1393 621 1454 quid
645 1404 699 1439 tu
724 1411 803 1440 me
828 1411 958 1439 nunc
985 1395 1212 1454 obtuere,
1229 1395 1451 1443 furcifer?

487 1526 490 1529 Δ
658 1481 689 1513 G
726 1481 759 1513 R
796 1479 830 1511 U
867 1479 909 1512 M
944 1481 964 1512 1
1002 1481 1049 1513 0.

199 1540 289 1586 Pol
319 1540 408 1586 tibi
442 1541 561 1587 istuc
591 1540 733 1587 credo
765 1556 947 1586 nomen
977 1551 1193 1587 actutum
1221 1540 1335 1587 fore.

655 1626 686 1658 'r
724 1625 757 1659 R
797 1625 830 1657 A
866 1626 899 1658 N
934 1626 955 1658 1
995 1626 1043 1658 o.

200 1685 336 1732 Dum
363 1686 541 1731 interea
572 1686 634 1731 sic
669 1685 754 1743 sit,
782 1685 902 1731 istuc
931 1697 1148 1732 actutum
1181 1686 1299 1732 sino.

659 1770 691 1803 G
728 1772 761 1803 R
801 1770 833 1801 U
871 1772 913 1803 M
950 1771 969 1802 1
1009 1771 1057 1803 O.

202 1831 274 1876 Ita
303 1839 382 1874 est.
420 1828 500 1873 sed
532 1844 687 1873 unum
724 1830 817 1874 hoc
847 1830 988 1885 scito,
1021 1829 1171 1875 nimio
1208 1830 1399 1875 celerius

203 1901 378 1947 Venire
410 1899 547 1961 quod
576 1901 833 1946 molestum
852 1902 934 1958 ’st‚
966 1917 1112 1961 quam
1143 1900 1218 1958 id,
1245 1902 1379 1961 quod
1400 1917 1483 1947 cu-

455 1972 568 2034 pide
597 1983 740 2034 petas.

653 2058 684 2090 T
721 2059 754 2091 Β
790 2057 824 2090 A
860 2058 893 2093 N
929 2057 948 2089 1
987 2057 1035 2090 o.

204 2121 433 2168 Molestus
458 2135 521 2165 ne
551 2119 633 2166 sis:
664 2135 795 2165 nunc
819 2118 917 2182 jam
946 2118 961 2163 i
992 2134 1094 2174 rus,
1129 2128 1274 2179 teque
1299 2136 1481 2166 amove.

204 2193 277 2240 Ne
306 2205 360 2239 tu
393 2210 539 2248 erre3‚
573 2194 729 2240 hercle
754 2192 1022 2254 praeterhac
1059 2191 1177 2236 mihi
1211 2208 1310 2238 non
1346 2192 1483 2238 facies

307 2285 338 2300 ι
457 2281 654 2311 moram.
1436 2274 1441 2278 '

660 2350 693 2382 G
729 2351 761 2383 Β
798 2349 831 2381 U
871 2349 912 2381 M
948 2349 967 2380 Ι
1008 2350 1056 2381 o.

205 2412 347 2460 Satin’
376 2413 518 2472 abiit,
547 2428 707 2473 neque
736 2409 872 2472 quod
895 2410 1019 2467 dixi,
1048 2408 1185 2456 flocci
1209 2405 1478 2455 existumat!
