1618 2866
220 195 317 257 346
451 194 709 243 MILES
762 195 1269 247 GLORIOSUS.
1387 217 1511 262 v.23

217 314 282 361 Et
298 314 376 359 illa
394 314 533 358 illum
558 324 747 370 contra,
768 313 858 374 qui
878 325 945 360 est
962 331 1094 361 amor
1114 318 1249 362 cultu
1268 328 1516 379 optumus.

218 387 263 432 Is
288 385 482 447 publice
508 386 687 449 legatus
715 386 1021 448 Naupactum
1047 387 1160 434 hinc
1190 388 1311 448 fuit,

220 459 412 523 Magnai
445 459 724 520 reipublicai
753 461 910 524 gratia.

218 533 420 579 Interibi
450 544 505 578 ut
535 533 612 579 hic
642 533 778 579 Miles
809 533 931 580 forte
956 532 1165 580 Athenas
1193 534 1393 583 advenit
1410 571 1428 595 ,

218 604 437 671 Insinuat
466 623 560 652 sese
593 605 653 651 ad
681 606 811 652 illam
838 607 1039 653 amicam
1073 607 1175 653 heri
1204 607 1332 666 mei,

220 678 426 739 Occepit
456 680 554 741 ejus
586 678 724 725 matri
757 679 1078 740 suppalparier

218 750 377 808 Vino,
407 752 720 807 ornamentis,
757 753 1062 814 opiparisque
1090 752 1313 800 obsoniis.

218 824 392 885 Itaque
418 824 647 871 intimum
683 825 751 870 ibi
783 842 830 871 se
863 826 998 871 Miles
1031 827 1164 888 apud
1194 829 1355 875 lenam
1385 828 1517 875 facit.

220 898 317 944 Ubi
345 898 557 958 primum
592 899 752 945 evenit
779 899 923 945 Militi
950 900 1062 946 huic
1087 900 1267 948 occasio
1285 936 1300 959 ‚

221 970 434 1018 Sublinit
466 988 515 1018 os
540 971 611 1017 illi
638 973 774 1018 lenae
793 1007 807 1030 ‚
836 973 975 1018 matri
999 974 1236 1031 mulieris,

224 1046 392 1112 Quam
422 1046 561 1092 herus
592 1063 727 1092 meus
755 1046 954 1093 amabat.
983 1062 1098 1093 nam
1123 1047 1159 1092 is
1181 1047 1305 1094 illius
1335 1046 1484 1094 filiam

227 1119 438 1183 Conjicit
469 1119 521 1166 in
546 1136 720 1166 navem
747 1120 884 1166 Miles
902 1155 915 1177 9
944 1121 1065 1166 clam
1097 1130 1298 1166 matrem
1324 1136 1485 1176 suam,

226 1191 449 1253 Eamque
477 1192 677 1239 invitam
701 1194 797 1240 huc
825 1194 1076 1240 mulierem
1094 1193 1149 1239 in
1167 1193 1413 1255 Ephesum
1435 1191 1520 1240 ad-

199 1324 207 1331 ς
479 1267 627 1313 vehit.
1503 1274 1507 1276 ’

224 1339 328 1402 Ego
361 1350 602 1400 quantum
626 1340 761 1386 vivus
785 1358 978 1402 possum
993 1376 1006 1397 ‚
1033 1341 1155 1388 mihi
1174 1356 1346 1387 navem
1373 1355 1522 1401 paro‚'

226 1413 322 1459 Ubi
358 1413 559 1459 amicam
586 1414 784 1459 herilem
811 1413 1008 1460 Athenis
1037 1425 1249 1462 avectam
1276 1414 1386 1460 scio.

223 1487 461 1535 Inscendo
483 1522 497 1543 ‚
536 1496 592 1532 ut
629 1503 733 1532 eam
771 1503 874 1532 rem
908 1487 1213 1548 Naupactum
1248 1486 1310 1532 ad
1347 1486 1519 1532 herum

485 1558 726 1604 nuntiem.
876 1552 884 1555 s

223 1630 321 1677 Ubi
350 1646 513 1676 sumus
543 1630 759 1692 provecti
781 1631 833 1676 in
859 1632 1010 1677 altum
1031 1666 1044 1689 ,
1069 1631 1121 1677 id
1147 1629 1286 1692 quod
1313 1630 1517 1686 volunt,

225 1705 436 1765 Capiunt
463 1706 724 1766 praedones
753 1723 925 1752 navem
949 1707 1102 1763 illam,
1133 1705 1220 1752 ubi
1243 1714 1407 1750 vectus
1431 1702 1516 1748 fui.

223 1777 356 1823 Prius
381 1779 530 1839 perii,
562 1796 712 1840 quam
737 1779 798 1825 ad
828 1780 1172 1837 herum‘veni‚
1205 1793 1306 1839 quo
1331 1777 1396 1823 ire
1438 1793 1520 1823 oc-

482 1869 715 1914 ceperam.

223 1925 340 1982 Ille,
366 1925 452 1985 qui
480 1941 559 1970 me
591 1925 746 1986 cepit,
779 1925 859 1970 dat
889 1941 968 1970 me
996 1924 1109 1970 huic
1141 1923 1273 1969 dono
1295 1923 1452 1968 Militi.

224 1998 319 2044 Hic
342 2010 602 2060 postquam
629 1998 680 2043 in
706 1997 830 2042 aedis
858 2013 938 2042 me
955 1996 1015 2042 ad
1041 2013 1087 2042 se
1113 1996 1252 2042 duxit
1278 1994 1516 2053 domum,·

225 2070 383 2118 Video
401 2071 546 2116 illam*
561 2071 763 2116 amicam
793 2069 1017 2125 herilem,
1035 2067 1233 2113 Athenis
1265 2082 1388 2127 quae
1405 2065 1513 2111 fuit.

226 2144 323 2190 Ubi
339 2155 504 2190 contra
523 2144 704 2205 aspexit
722 2159 800 2188 me
812 2177 825 2199 ‚
847 2142 994 2188 oculis
1018 2140 1137 2187 mihi
1154 2140 1342 2204 signum
1360 2138 1514 2194 dedit,

226 2217 302 2263 Ne
331 2234 377 2262 se
396 2218 710 2278 appellarem:
738 2214 936 2271 deinde,
963 2225 1220 2276 postquam
1245 2212 1424 2259 occasio
1437 2212 1517 2268 ’st,

226 2290 551 2352 Conqueritur
579 2307 774 2336 mecum
803 2289 975 2335 mulier
1003 2287 1215 2333 fortunas
1241 2304 1369 2332 suas:
1406 2311 1411 2316 ·

228 2362 310 2411 Ait
334 2363 662 2411 sese⁴Athenas
688 2363 850 2428 fugere
884 2378 1056 2423 cupere
1083 2377 1141 2406 ex
1166 2361 1252 2406 hac
1285 2359 1464 2414 domu,

229 2437 336 2485 Sese
355 2439 492 2486 illum
509 2454 663 2485 amare
681 2453 850 2483 meum
867 2436 1038 2482 herum
1050 2470 1063 2493 ‚
1079 2434 1276 2481 Athenis
1295 2430 1514 2494 quifuit:
