1618 2866
114 140 240 226 vsu
419 157 708 217 ACTUS
753 169 812 216 v.
863 168 971 216 sc.
1024 170 1104 216 11.
1294 171 1392 233 63⁷

102 269 285 326 ’Meum
312 279 515 324 natalem
536 277 761 342 agitemus
787 291 1053 321 amoenum.
1085 275 1194 322 date
1219 285 1396 337 aquam

374 351 615 397 manibus:
651 349 878 410 adponite
907 363 1129 393 mensam.

114 423 194 471 Do
225 424 346 470 hanc
376 425 464 470 tibi
498 423 749 487 florentem
774 421 989 467 florenti:
1017 432 1073 466 tu
1105 421 1181 467 hic
1208 422 1291 468 eris
1325 422 1395 468 di⁴

368 497 536 543 ctatrix
566 496 715 542 nobis.
749 511 857 558 age,
892 511 1038 556 puere
1057 529 1072 551 ‚

118 569 163 616 A
197 586 384 617 summo
412 569 612 630 septenis
645 567 820 630 cyathis
843 568 1082 613 conmitte
1120 567 1206 612 hos
1237 568 1393 616 ludos.

265 633 274 639 ’
365 657 507 687 move
533 656 726 691 manus;
762 656 971 700 propera.

116 712 399 777 Paegnium!
423 713 554 759 tarde
568 712 756 775 cyathos
773 712 891 757 mihi
910 713 1009 758 das:
1031 712 1151 758 cedo
1170 729 1287 758 sane.
1303 712 1394 759 Bea

362 802 426 831 ne
442 785 559 831 mihi
573 820 588 841 ,
608 785 733 830 bene
747 785 897 842 vobis,
915 785 1041 830 bene
1057 786 1230 830 amicae
1247 795 1394 831 meae.

114 856 319 918 Optatus
357 856 433 902 hic
467 856 585 901 mihi
619 856 718 900 dies
751 856 887 901 datus
922 856 1065 901 hodie
1085 857 1139 901 ’st
1172 857 1232 901 ab
1257 856 1356 901 Diis
1373 889 1392 914 ‚

365 929 477 990 quia
499 940 547 974 te
582 929 693 974 licet
722 929 919 974 liberam
945 946 1024 975 me
1058 930 1292 990 amplecti.

403 1012 1139 1047 LEMNISELENE.‘

115 1074 222 1119 Tua
263 1073 439 1119 factum
473 1089 629 1134 opera.
670 1072 798 1118 Bene
843 1068 1062 1119 oinhibus
1096 1074 1260 1119 nobis!
1302 1075 1394 1122 hoc

367 1162 473 1190 mea
493 1161 658 1190 manus
682 1156 792 1190 tuae
818 1147 1052 1206 poculum
1079 1147 1252 1204 donat,

114 1217 179 1264 Ut
211 1230 446 1264 amantem
472 1219 648 1264 amanti
677 1219 825 1264 decet.

530 1303 563 1335 Τ
599 1303 631 1335 o
667 1304 705 1336 x
739 1304 760 1336 1
795 1304 826 1336 1.
862 1303 896 1336 U
932 1303 967 1336 s.

623 1363 774 1409 Cedo.

401 1447 1111 1483 LEMNISELENE.

659 1509 849 1569 Accipe.

522 1595 554 1627 ¹1·
589 1595 622 1628 Ο
659 1595 696 1628 X
730 1596 750 1627 1
785 1595 816 1627 L
853 1595 889 1627 U
923 1595 959 1628 S.

725 1655 854 1700 Bene
874 1657 916 1701 ei
938 1658 1018 1718 qui
1039 1657 1223 1704 invidet
1240 1657 1357 1702 mihi
1370 1689 1386 1717 ,

110 1727 174 1774 Et
199 1726 242 1772 ei
272 1726 358 1787 qui
389 1726 482 1771 hoc
513 1725 685 1789 gaudio
717 1727 901 1789 gaudet.

511 1861 837 1909 SGENA
901 1865 999 1909 ΙΙ.

111 1993 499 2030 DORDALUS,
547 1994 875 2030 ToleUS.
932 1992 1381 2049 SAGARISTIO.

252 2063 812 2108 LEMNISELENE.
863 2071 1243 2108 PAEGNIUM.

494 2187 1023 2222 DORDALUS.

112 2238 298 2403 QUI
329 2305 467 2360 sunt‘,
499 2304 583 2364 qui
612 2314 775 2361 erunt,
813 2306 994 2366 quique
1018 2306 1209 2355 fuerunt
1226 2343 1242 2367 ‚
1272 2311 1379 2372 qui-

358 2391 453 2435 que
482 2375 627 2423 futuri
652 2388 762 2423 sunt
790 2378 980 2439 posthac
997 2413 1014 2437 ,
