1618 2866
54 191 183 238 219
343 171 633 221 ACTUS
684 173 743 219 V.
793 171 899 219 SC.
950 171 1010 218 V.
1240 185 1328 230 217

55 281 352 343 Purpureum
387 296 595 342 panem,
635 294 695 324 an
727 278 987 339 puniceum
1024 279 1200 324 soleam
1243 295 1332 343 ego

313 368 435 409 esse,
473 368 533 397 an
565 351 794 396 luteum?

57 424 305 485 Solearrme
333 441 426 471 esse
449 424 542 471 avis
565 439 859 484 squamosas,
882 422 1018 485 piscis
1035 422 1301 484 pennatos?

541 525 564 559 S
603 525 632 557 E
668 523 700 556 N
737 523 768 556 E
804 523 854 556 X.

1157 574 1308 635 Papae
1321 576 1347 625 θ,

57 647 231 695 Audin’
255 658 337 704 tu,
377 658 433 693 ut
459 646 762 693 deliramenta
792 646 1036 731 loquitur.
1026 647 1048 680 ρ
1083 646 1204 708 quid
1238 663 1336 693 ces-

306 736 372 765 sas
399 718 509 765 dare

58 793 267 840 Potionis
290 792 499 853 aliquid,
530 793 807 855 priusquam
835 794 1036 857 percipit
1060 795 1268 840 insania?

30 924 33 926 ,
467 869 510 920 Μ
546 888 575 920 Ε
611 889 646 921 D
681 888 700 920 1
738 888 766 919 c
803 887 838 920 u
875 888 912 921 s,

56 945 197 992 Mane
224 945 400 994 modo:
427 946 566 992 etiarn
591 948 920 1007 percontabor.

540 1042 563 1075 s
598 1043 628 1074 Ε
663 1043 695 1074 Ν
731 1043 760 1074 Ε
797 1044 875 1076 Χ.«
909 1053 938 1060 -
1038 1053 1041 1054 ⁷

822 1105 923 1150 Alia
961 1107 1133 1153 occidis
1163 1107 1335 1155 fabula.

471 1190 512 1222 M
549 1188 580 1220 E
615 1190 651 1221 D
686 1190 707 1221 1
742 1189 769 1221 c
806 1189 840 1221 U
877 1189 915 1222 s.

63 1247 155 1294 Dic
191 1249 310 1295 mihi
346 1250 461 1295 hoc·
496 1250 649 1295 solent
678 1249 767 1325 tibi
801 1266 1036 1310 umquam
1065 1251 1193 1296 oculi
1226 1250 1333 1297 duri

317 1321 452 1367 fieri?

257 1390 1020 1457 x·ivri-:NeritonMus.

59 1471 230 1541 Quid?
259 1483 313 1518 tu
339 1489 424 1532 me·
444 1475 676 1520 locustam
698 1490 852 1520 censes
882 1491 1002 1532 esse,
1030 1476 1179 1521 horno
1202 1476 1331 1540 igna-

306 1546 543 1592 vissume?

158 1682 159 1686 Ἰ
214 1689 218 1692 ι
468 1640 511 1672 Μ
548 1641 578 1672 Ε
614 1642 650 1673 D
685 1641 706 1674 1
741 1642 769 1673 c
803 1641 838 1674 U
876 1642 913 1674 s.

57 1704 147 1752 Dic
177 1707 321 1753 mihi:
355 1724 415 1753 en
455 1725 687 1770 umquam
729 1711 818 1756 tibi
848 1711 1067 1758 intestina
1104 1724 1295 1775 crepant
1314 1747 1328 1771 ,

65 1784 84 1803 ‘
212 1781 218 1786 '
311 1781 448 1841 quod
474 1783 639 1828 sentias
657 1784 679 1828 ?

357 1864 1081 1917 MENAEchuss

63 1943 157 1992 Ubi
176 1958 298 1995 satur
322 1964 455 2004 sum,
483 1949 614 1994 nulla
639 1950 889 2011 crepitant:
922 1951 1118 2011 quando
1149 1953 1331 2010 esurio,

307 2031 415 2067 tum
441 2033 644 2083 crepant.

459 2122 502 2154 M
540 2123 571 2154 Ε
606 2123 641 2154 D
678 2122 699 2154 1
736 2123 763 2154 c
803 2122 837 2154 U
875 2122 912 2155 s.

63 2175 171 2221 Hoc
201 2178 396 2236 quidem
433 2181 605 2244 edepol
636 2183 767 2229 haud
798 2200 887 2245 pro
927 2183 1089 2230 insano
1123 2185 1327 2232 verbum

317 2255 555 2312 respondit
586 2255 717 2301 mihi.

63 2318 415 2379 Perdormiscin’
441 2340 591 2385 usque
621 2327 682 2372 ad
709 2328 904 2374 lucem?
930 2329 1108 2376 facilen'
1135 2339 1191 2373 tu
1223 2326 1331 2371 dor«

315 2393 401 2438 mis
427 2396 632 2446 cubans?
1039 2389 1045 2393 ’
