1618 2866
1229 161 1314 208 243

231 320 361 369 AR
408 318 456 366 G
503 317 547 364 U
593 317 648 364 M
695 316 735 364 E
783 315 831 363 N
879 316 926 365 Τ
974 316 1018 364 U
1063 317 1119 375 M

270 494 274 501 ·
347 469 447 532 (Ut
479 468 765 532 quibusdam
791 468 1014 531 videtur)

436 620 927 663 PRISCIANI.

113 761 200 810 Ml
210 770 380 808 SSUS
414 771 629 806 mercator
661 760 714 809 ab
746 776 820 806 suo
859 760 1102 808 adolescens
1131 774 1262 827 patre

48 836 167 884 Emit
188 847 318 899 atque
342 845 544 898 apportat
577 835 689 879 scita
705 833 860 897 forma
886 836 1118 882 mulierem.

25 907 270 970 Requiris.
299 922 405 968 quae
431 907 516 953 sit,
543 917 770 969 postquam
799 921 892 950 eam
927 905 1067 954 vidit,
1103 924 1246 954 senex.

44 979 274 1044 ,confingit
301 995 441 1026 servos
468 989 625 1024 emtam
657 979 792 1023 matri
808 977 1093 1040 pedisequam.

49 1054 184 1100 Amat
218 1069 347 1099 senex
383 1051 492 1096 hanc
507 1086 524 1099 ,
559 1066 610 1095 ac
648 1067 693 1095 se
726 1051 935 1096 simulans¹
956 1052 1166 1101 vendere.

58 1126 219 1172 Tradit
247 1127 400 1173 vicino.
435 1141 529 1169 eum
550 1135 685 1188 putat
716 1141 828 1170 uxor
852 1125 971 1170 illius

51 1199 239 1253 Obduxe
271 1199 353 1244 sibi
372 1209 575 1243 scortum.
613 1209 703 1243 tum
737 1195 971 1243 Charinum
1002 1215 1056 1244 ex
1073 1198 1200 1263 fuga

52 1270 258 1318 Retrahit
280 1270 466 1320 sodalis,
490 1281 717 1335 postquam
736 1272 922 1317 amicam
957 1272 1191 1318 invenerat

230 1428 1143 1487 ARG'UMENTUM

125 1575 508 1624 MERCATUM
540 1593 568 1622 a
595 1591 639 1620 se
673 1574 938 1639 dumfilium
965 1574 1161 1621 extrudit
1187 1582 1337 1640 pater,

55 1650 109 1697 Is
125 1666 305 1714 peregre
329 1652 455 1696 unius
483 1649 655 1695 redimit
690 1649 895 1710 ancillam
927 1648 1104 1712 hospitis

61 1723 223 1768 Amore
248 1733 410 1787 captus.
443 1733 494 1767 ut
518 1723 659 1768 venit,
695 1723 797 1767 navi
828 1721 987 1766 exsilit.

63 1794 202 1841 Pater
234 1795 439 1843 advolat,
469 1796 606 1841 visam
635 1794 839 1854 ancillam
860 1795 1041 1858 deperit.

112 1868 230 1912 uoiu's
259 1868 345 1915 sit,
369 1877 662 1930 percontatur.
691 1882 852 1925 servos,
872 1865 1142 1930 pedisequam

75 1948 78 1951 ·
109 1937 133 1982 b
154 1937 413 1983 adolescente
441 1938 575 1982 matri
603 1947 759 1982 emtam
790 1939 938 2000 ipsius.

66 2007 207 2054 Senex
230 2010 312 2054 sibi
330 2011 616 2074 prospiciens,
648 2021 697 2054 ut
727 2010 860 2055 amico
883 2026 959 2054 suo

78 2077 275 2128 Veniret,
306 2093 456 2127 natum
486 2083 659 2128 orabat:
691 2095 849 2131 natus,
882 2093 933 2127 ut
956 2098 1046 2128 suo.

76 2147 168 2194 Hic
177 2150 329 2211 filium
350 2153 599 2199 subdiderat
628 2156 761 2201 vicini
774 2172 794 2200 ;
824 2166 953 2218 pater

81 2219 288 2266 Vicinum.
315 2237 637 2284 praemercatur
670 2226 875 2272 ancillam
908 2243 1051 2272 senex.

78 2289 189 2335 Eam
218 2290 331 2336 domi
366 2293 658 2357 deprehensam
683 2299 869 2362 conjunx
903 2297 1023 2341 illius

88 2361 227 2408 Vicini
259 2373 445 2412 scortum
474 2366 720 2416 insimulat.-
742 2369 933 2431 protelat
961 2370 1113 2416 virum.

1024 2440 1129 2506 Q2
