1618 2866
71 178 192 226 262
341 166 634 222 ACTUS
688 174 747 221 V.
800 172 906 220 SC.
962 173 1063 220 Vl.
1251 187 1340 222 221

70 279 164 328 Hic
192 296 302 346 ergo
333 296 484 341 usque
517 279 578 325 ad
606 292 824 326 noctem:
854 281 1016 327 saltem
1033 314 1048 339 ,
1075 277 1247 337 credo,
1274 278 1344 326 in-

322 353 556 399 tromittar
583 353 802 400 domum.

420 479 803 527 SCENA
887 480 989 526 VI.

397 621 1029 658 MEssssnro:

69 678 517 790 SPECTAMEN
560 741 694 788 bono
733 758 866 789 servo
897 741 949 789 id
988 755 1084 801 est,
1119 742 1206 804 qui
1241 759 1345 791 rem

321 814 517 860 herilem

47 887 320 944 vProcurat,
354 887 513 944 videt,
547 890 792 945 conlocat,
827 887 1099 951 cogitatque
1117 921 1131 944 ‚

66 957 132 1003 Ut
166 958 355 1004 absente
390 960 504 1005 hero
536 976 637 1005 rem
664 960 764 1005 heri
794 959 1041 1023 diligenter

66 1029 301 1090 Tutetur,
331 1048 478 1093 quam
498 1033 534 1077 si
563 1033 660 1092 ipse
687 1031 815 1088 assit,
844 1042 924 1076 aut
940 1030 1135 1076 »rectius

63 1101 274 1166 Tergum
315 1119 461 1164 quam
503 1105 664 1166 gulam
686 1137 700 1159 ,
750 1119 882 1149 crura
926 1119 1071 1163 quam
1112 1113 1331 1150 ventrem

322 1185 511 1234 oportet

49 1236 255 1291 ¹Potiora
285 1261 407 1302 esse,
439 1246 557 1306 quoi
586 1262 666 1292 cor
692 1245 908 1292 modeste
935 1245 1079 1291 situm
1116 1259 1195 1292 est.

69 1319 361 1365 Recordetur
389 1319 467 1377 id,
497 1321 582 1380 qui
612 1321 748 1366 nihili
774 1330 911 1376 sunt,
932 1319 1054 1379 quid
1079 1320 1131 1366 iis
1155 1321 1277 1382 preti

66 1391 223 1438 Detur
250 1392 310 1438 ab
337 1393 427 1439 suis
452 1393 571 1440 heris
586 1428 600 1451 ‚
634 1394 836 1457 ignaviS‚
868 1393 1079 1455 inprobis

66 1463 214 1516 Viris;
244 1466 459 1522 verbera,
491 1465 728 1527 conpedes
746 1500 759 1523 ,
793 1466 976 1522 molae,
1011 1482 1180 1530 magna

65 1537 309 1598 Lassitudo
325 1574 340 1597 ‚
374 1539 520 1585 fames
535 1575 550 1598 ‚
580 1539 723 1603 frigus
748 1538 938 1584 durum.

62 1612 196 1659 Haec
229 1615 377 1675 pretia
399 1625 509 1660 sunt
540 1613 763 1678 ignaviae.
847 1629 851 1633 ·

63 1686 124 1731 Id
150 1702 237 1750 ego
263 1687 385 1733 male
411 1688 593 1732 malum
620 1697 816 1735 metuo;
844 1695 1095 1747 propterea
1118 1684 1308 1732 bonum

64 1758 171 1804 Esse
197 1771 380 1805 certum
408 1771 502 1815 est,
528 1759 687 1820 potius
708 1775 856 1820 quam
879 1759 1083 1803 malum:
1108 1774 1221 1804 nam
1239 1776 1339 1805 ma-

248 1897 250 1899 .
313 1834 379 1898 gis
410 1835 566 1879 multo

65 1906 220 1954 Patior
247 1907 424 1953 facilius
449 1907 605 1952 verba.
628 1907 822 1953 verbera
849 1910 936 1971 ego
964 1907 1077 1967 odi,

68 1976 324 2039 Nimioque
362 1967 453 2024 edo
483 1978 707 2024 libentius
740 1980 992 2035 molitum,
1030 1943 1177 2039 q’uam

67 2049 295 2097 Molitum
321 2053 588 2112 praehibeo.
616 2063 865 2113 propterea
887 2051 1027 2096 heri
1015 2053 1275 2114 imperium

67 2120 312 2180 Exsequor
333 2123 457 2168 bene
474 2157 487 2180 ,
524 2136 572 2168 et
601 2123 757 2167 sedate
784 2123 947 2168 servio.

69 2193 234 2253 Atque
260 2194 309 2238 id
341 2196 458 2240 mihi
485 2197 689 2256 prodest.
725 2196 827 2252 alii,
856 2212 950 2240 sese
978 2196 1042 2241 ita
1075 2206 1131 2241 ut
1159 2196 1210 2240 in
1234 2212 1335 2242 rem

67 2265 174 2311 Esse
215 2263 426 2321 ducunt,
470 2268 590 2312 sint:
644 2284 730 2331 ego
772 2268 837 2312 ita
882 2284 989 2324 ero,
1036 2275 1092 2312 ut
1129 2284 1209 2312 me
1244 2285 1337 2312 esse

318 2350 531 2397 oportet:

67 2409 255 2456 Metum
284 2420 340 2454 ut
375 2409 494 2455 mihi
517 2411 792 2471 adhibeam,
829 2415 1019 2474 culpam
1049 2412 1329 2460 abstineam:
