1618 2866
221 195 318 255 360
439 191 691 240 MILES
745 191 1248 241 GLORIOSUS.
1366 193 1513 252 ‚v.26

582 315 604 348 s
646 314 672 346 c
713 314 743 346 Ε
781 313 811 346 1.
849 312 879 345 E
912 314 947 346 D
982 312 1018 345 R
1056 313 1091 346 U
1128 313 1167 348 s.

551 373 656 442 Qui
684 389 798 420 vero
825 371 1080 433 dupliciter
1097 372 1120 417 ἱ)

539 467 569 500 Ι·
607 466 641 499 Α
678 467 708 500 1.
743 467 779 500 A
813 465 844 499 Ε
882 465 905 499 s
943 465 975 497 Τ
1010 465 1045 498 R·
1079 466 1100 498 1
1139 466 1189 499 ο.

1143 527 1202 572 Id
1229 527 1383 576 dicam
1411 531 1513 578 tibi.

228 600 595 658 Primumdum,
628 602 663 646 si
690 601 803 647 falso
829 599 1070 646 insimulas
1087 600 1515 661 Philocomasium,

483 676 578 721 hoc
606 675 820 736 perieris:

229 751 412 799 Iterum
429 785 442 810 ‚
469 751 506 797 si
532 750 583 796 id
606 766 775 797 verum
790 750 871 806 ’st,
899 759 955 794 tu
981 749 1023 794 ei
1050 759 1204 795 custos
1227 748 1414 795 additus
1431 765 1519 812 pe-

484 839 623 868 neris.

590 908 612 942 s
652 909 678 941 c
716 908 745 942 Ε
783 909 813 942 Ῑ,
849 909 879 941 Ε
916 909 951 941 D
988 910 1022 943 R
1059 909 1094 941 U
1133 909 1170 943 s.

229 970 371 1040 Quid
395 969 497 1016 fuat
517 986 623 1027 me,
657 971 842 1016 nescio:
874 971 990 1017 haec
1015 987 1095 1017 me
1120 971 1286 1019 vidisse
1315 987 1402 1035 ego
1426 987 1522 1017 cera

487 1056 540 1091 to
573 1062 682 1092 selo.

549 1139 577 1172 P
615 1139 649 1172 A
687 1138 717 1171 L
755 1139 790 1172 A
825 1139 856 1173 E
894 1138 917 1173 S
954 1140 986 1173 T
1022 1139 1055 1172 R
1091 1139 1112 1172 I
1151 1138 1201 1171 O.

237 1198 420 1264 Pergin’
457 1199 665 1247 infelix?

600 1292 621 1325 s
660 1293 686 1325 c
723 1292 753 1324 Ε
790 1293 820 1326 Ι,
857 1293 886 1325 Ε
925 1293 960 1325 D
999 1293 1032 1326 R
1069 1292 1105 1325 U
1142 1291 1180 1325 s.

431 1354 571 1423 Quid
594 1354 683 1399 tibi
713 1354 781 1399 vis
812 1353 998 1410 dicam,
1027 1353 1116 1398 nisi
1135 1351 1274 1413 quod
1294 1350 1530 1398 viderim?

236 1414 384 1495 Quin
416 1427 557 1472 etiam
586 1442 718 1472 nunc
740 1426 868 1471 intus
894 1426 1005 1471 hic
994 1442 1043 1471 in
1071 1442 1312 1487 proxumo
1333 1420 1401 1471 ’st.

553 1529 583 1564 P
624 1528 659 1562 A
694 1528 725 1562 L
761 1527 796 1562 A
829 1528 860 1562 Ε
899 1527 921 1561 S
960 1527 991 1559 T
1028 1528 1061 1560 R
1098 1528 1118 1560 1
1156 1528 1204 1560 Ο.

906 1589 1011 1635 Eho
1029 1623 1043 1646 ‚
1076 1604 1136 1634 an
1159 1603 1261 1634 non
1286 1587 1421 1634 domi
1439 1587 1527 1633 ’sti‘

579 1680 581 1682 ¹
610 1685 633 1718 S
673 1685 699 1717 C
738 1683 768 1716 E
805 1683 835 1716 L
869 1682 900 1716 E
936 1684 972 1719 D
1007 1684 1041 1716 R
1077 1681 1112 1714 U
1151 1681 1189 1715 S.

247 1747 384 1805 Vise,
410 1748 486 1794 abi
513 1747 639 1794 intro
674 1755 792 1792 tute.
833 1761 946 1790 nam
977 1759 1065 1808 ego
1098 1743 1219 1789 mihi
1251 1743 1373 1790 nihil
1406 1743 1533 1791 credi

499 1822 708 1882 postulo.

503 1911 1207 1948 .PALAESTR10.

250 1978 448 2025 Certum
463 1979 522 2033 ἐς
543 1976 692 2022 facere
723 1973 786 2019 id.

614 2069 636 2103 S
682 2068 708 2100 C
745 2067 775 2099 E
812 2066 842 2099 L
877 2067 908 2099 Ε
947 2068 983 2100 D
1018 2068 1051 2100 R
1089 2067 1123 2099 U
1161 2067 1198 2101 S.

445 2140 539 2186 Hic
558 2149 606 2184 te
626 2136 866 2198 opperiar:
897 2134 1063 2181 eadem
1087 2135 1154 2181 illi
1174 2135 1360 2182 insidias
1378 2135 1534 2194 dabo,

248 2218 414 2287 Quam
437 2229 556 2259 mox
582 2212 777 2256 horsum
804 2207 866 2255 ad
898 2208 1137 2255 stabulum
1164 2210 1311 2275 junix
1338 2210 1536 2304 recipiat

502 2301 548 2331 se
578 2301 603 2330 e
632 2283 826 2344 pabulo.

251 2359 388 2431 Quid
416 2372 502 2424 ego
533 2372 665 2403 nunc
699 2354 898 2402 faciam?
935 2352 1184 2401 custodem
1213 2367 1294 2399 me
1319 2346 1541 2396 illiMiles

462 2461 464 2465 »
511 2430 717 2479 tradidit.
