1618 2866
238 203 334 261 58⁹·
696 201 1038 261 PERSA.
1397 223 1526 259 ψη

239 310 341 358 Nec
373 309 528 373 subigi
563 321 799 369 queantur
834 328 1097 374 umquam,
1133 324 1188 361 ut
1219 331 1305 377 pro
1344 329 1396 361 ea
1430 316 1528 362 fide

490 383 693 429 habeant
717 385 951 448 judicem.

667 468 1112 504 TOXILUS.

238 518 524 569 ‘Abimoda

628 596 1162 637 PAEGN.1UM

437 658 539 722 Ego
570 658 780 705 laudabis
810 658 934 705 faxo.

663 743 694 781 Τ
733 744 765 776 o
802 744 837 777 Χ
873 745 894 777 1
930 744 961 777 1.
1005 745 1041 778 U
1079 745 1118 779 s.

762 802 857 850 Sed
887 805 965 850 has
990 805 1210 864 tabellas,
1243 806 1495 872 Paegnium
1513 843 1532 867 ,

241 880 335 942 Ipsi
352 877 703 924 Lemniselenae
725 878 794 924 fac
821 879 924 937 des,
946 890 993 925 et
1011 895 1132 940 quae
1141 881 1280 944 jussi,
1297 882 1528 928 nuntiato.

470 971 492 1004 S
531 971 563 1002 Ο
603 971 631 1003 Ρ
671 970 705 1003 Η
743 971 775 1008 0
816 971 843 1004 C
879 971 910 1003 L
945 970 966 1003 I
1003 971 1039 1003 D
1075 971 1096 1004 I
1134 971 1157 1005 S
1197 972 1224 1004 C
1263 971 1311 1006 A·
1369 1003 1371 1006 .

240 1030 379 1078 Cesso
411 1032 477 1076 ire
509 1047 627 1095 ego,
655 1047 753 1091 quo
781 1030 915 1077 missa
949 1031 1091 1077 sum?

628 1117 659 1150 P
694 1117 730 1150 A
769 1117 799 1150 E
838 1115 871 1150 G
910 1118 943 1151 N
983 1117 1005 1149 I
1043 1116 1079 1149 U
1113 1118 1171 1152 M.

240 1170 445 1235 Eoego.

668 1247 1116 1285 TXOXILUS.

373 1309 398 1354 I
424 1325 553 1354 sane:
587 1324 673 1372 ego
697 1308 900 1356 domum
922 1309 1023 1356 ibo:
1048 1308 1148 1355 face
1167 1325 1268 1355 rem
1284 1308 1403 1355 hanc
1420 1322 1533 1355 cum

1075 1399 1185 1430 cura
1218 1399 1357 1448 geras-

246 1448 367 1496 Vola
387 1449 628 1495 curriculo.

640 1526 669 1560 P
705 1524 740 1558 A
774 1525 805 1558 E
844 1524 877 1558 G
912 1526 946 1559 N
986 1525 1007 1558 1
1045 1525 1081 1559 U
1117 1525 1173 1560 M.

506 1588 630 1633 Istuc
660 1588 864 1634 marinus
891 1604 1043 1649 passer
1067 1604 1152 1649 per
1178 1587 1369 1634 Circum
1383 1587 1531 1632 rsolet.

248 1663 348 1710 mic
376 1663 490 1709 abiit
513 1664 623 1709 hinc
649 1663 774 1709 intro
798 1663 907 1710 huc.
931 1663 1015 1708 sed
1035 1662 1138 1724 quis
1155 1661 1294 1720 haec,
1315 1677 1437 1723 quae
1452 1677 1531 1707 me

502 1736 757 1782 advorsum
785 1735 1000 1782 incedit?

477 1822 1306 1857 sopnocLIDISCA.

248 1883 504 1947 Paegnium
530 1883 605 1928 hie
635 1884 836 1943 quidem
866 1895 945 1928 est.

474 1966 480 1970 “
639 1968 667 2001 Ρ
705 1969 738 2001 A
774 1969 804 2000 E
843 1967 874 1999 G
910 1969 943 2000 Ν
981 1969 1002 2000 1
1042 1968 1077 1999 U
1115 1967 1167 1999 M.

511 2030 859 2092 Sophoclidisca
890 2030 1001 2075 haec
1031 2027 1273 2090 peculiaris
1308 2038 1374 2074 est
1409 2027 1533 2093 ejus,

253 2103 370 2174 Quo
404 2119 491 2167 ego
521 2120 625 2149 sum
650 2103 824 2149 missua

479 2185 1308 2222 SOPHOCLIDISCA.

343 2246 513 2293 Nullus
535 2265 627 2293 esse
649 2248 794 2295 hodie
815 2248 905 2298 hoc
928 2262 1078 2310 puero
1098 2248 1230 2312 pejor
1246 2247 1532 2309 perhibetur.

250 2318 556 2381 ConpellabO.

641 2399 669 2431 P
705 2399 740 2432 A
775 2400 806 2432 E
846 2398 878 2431 G
913 2398 946 2431 Ν
981 2398 1002 2430 1
1039 2398 1074 2431 U
1111 2399 1170 2432 Μ.’

428 2457 820 2508 Conmorandum
838 2459 890 2504 ’st
910 2457 1027 2504 mihi
1045 2459 1175 2520 apud
1194 2458 1312 2515 hanc
1331 2458 1530 2504 obicem:
