1618 2866
65 232 169 275 ιγ
350 211 657 263 ACTUS
707 211 823 258 ΙΙΙ.
871 208 973 258 SC.
1022 212 1061 257 Ι.
1246 223 1335 265 107

70 325 350 386 Numquam
374 323 575 370 inridere
597 337 684 367 nos
700 320 837 364 illum
852 317 1065 365 inultum
1085 317 1234 363 sinam
1250 331 1340 361 ser·

342 413 458 442 vom
489 394 750 441 hominem.

336 508 1046 544 CHAERIBULUS.

74 591 210 660 Quid
235 591 372 637 illum
405 591 522 637 ferre
542 590 642 637 vis?

296 633 1114 735 STRATIPP³CLEs

297 783 463 854 Quid?
482 784 571 830 tibi
589 785 708 845 quoi
728 784 916 830 divitiae
935 783 1071 830 domi
1091 797 1344 828 maxumae

74 854 217 916 Sunt,
235 858 271 904 is
296 874 554 904 nummum
572 857 764 905 nullum
788 858 930 905 habes
943 893 958 916 ‚
982 875 1071 906 nec
1091 858 1237 905 sodali
1255 870 1346 906 tuo

320 933 371 978 in
396 945 443 979 te
473 934 607 994 copia
629 934 696 979 'st.

748 997 767 1017 Ο

341 1024 1051 1083 οἨΑΕΒΙΒυισε.

76 1137 124 1186 Si
136 1173 150 1196 ,
166 1139 322 1186 hercle
334 1174 348 1197 ‚
365 1141 564 1187 habeam
580 1177 593 1199 ,
612 1142 834 1203 pollicear
851 1141 1044 1186 lubens:
1075 1155 1246 1186 verum
1262 1138 1345 1184 ali-

327 1214 447 1274 quid
462 1248 476 1270 ,
505 1215 689 1275 aliqua,
715 1215 877 1276 aliquo
901 1213 1080 1270 modo,

78 1276 314 1330 Alicunde
327 1319 342 1342 ‚
361 1286 420 1332 ab
437 1287 610 1348 aliqui,
630 1288 787 1349 aliqua
806 1288 892 1334 tibi
911 1303 1012 1349 spes
1035 1296 1103 1332 est
1127 1283 1227 1331 fore
1248 1292 1347 1330 me-

299 1374 412 1405 cum
433 1359 686 1406 fortunam.

224 1481 1120 1527 VSTRATIPPOCLES.

79 1553 178 1608 Vae*
196 1561 284 1607 tibi
299 1595 316 1620 ,
342 1563 555 1609 murcide
579 1564 745 1610 homo.
1038 1565 1042 1566 ⁷

353 1671 1063 1707 CHAERIBULUS.
1197 1692 1203 1696 -

488 1756 591 1826 Qui
615 1755 706 1802 tibi
730 1756 868 1802 lubet
892 1755 1015 1801 mihi
1040 1755 1163 1800 male
1178 1751 1346 1819 loqui}³

299 1874 1123 1909 STRATIPPOCLES.

86 1962 279 2032 Quippe
303 1976 359 2010 tu
390 1965 509 2010 mihi
541 1964 750 2025 aliquid,
772 1964 935 2025 aliquo
957 1963 1107 2009 modo
1125 1997 1140 2019 ‚
1174 1962 1352 2008 alicun-

338 2036 425 2094 de,
452 2036 511 2082 ab
535 2037 771 2098 aliquibus
784 2036 931 2082 ‘blatis
946 2070 961 2094 ‚

87 2107 238 2176 Quod
253 2125 487 2170 nusquam
502 2112 577 2156 ’stt
604 2127 766 2172 neque
794 2127 880 2175 ego
906 2109 957 2155 id
973 2109 1165 2155 inmitto
1188 2108 1239 2153 in
1267 2124 1351 2152 au-

336 2184 393 2228 ris
423 2201 559 2230 meas.
587 2201 676 2230 nec
705 2184 824 2230 mihi

91 2252 200 2298 Plus
227 2254 485 2316 adjumenti
518 2258 625 2304 ades
643 2293 657 2315 ‚
684 2276 831 2320 quam
860 2259 940 2304 ille
970 2258 1058 2319 qui
1080 2266 1353 2314 numquam

341 2328 478 2374 etiam
502 2342 619 2377 natu
634 2333 703 2379 'st.
