1618 2866
58 139 188 188 ειη
295 122 641 174 .·Ac·rus
690 120 974 170 111.sc.
1018 121 1096 168 11.
1247 134 1343 183 405·

519 245 550 277 1,
586 242 623 275 11
661 242 688 275 c
726 243 760 275 R
795 242 817 274 1
852 242 901 275 o.

63 309 200 374 Nego
231 308 388 354 hercle
416 321 559 352 vero·
594 319 707 348 nam
742 302 821 349 ine
847 317 927 347 me
957 299 1111 347 vetuit
1143 299 1310 347 dicere.

65 381 237 443 Neque
275 378 502 440 equidem
536 375 745 423 heminas
780 385 890 421 octo
922 374 1158 436 expromsi
1187 373 1238 419 in
1266 389 1347 420 ur-

324 469 465 499 ceum
481 485 497 509 ‚

63 516 237 589 Neque
269 526 347 573 ille
374 525 451 571 hic
480 521 686 570 calidum
715 522 899 568 exbibit
929 522 979 566 in
1012 519 1280 582 prandium.

379 612 1024 652 PALAES.TR10.

67 681 240 785 Neque
266 690 324 726 tu
347 677 543 726 bibisti?

519 759 905 797 LUCRIO.

33 888 36 889 ⁷
569 824 652 871 Dii
681 839 760 868 me
785 821 1016 883 perdant,
1048 822 1084 867 si
1112 820 1246 878 bibi,

68 890 118 940 Si
146 891 310 940 bibere
345 890 498 952 potui.

380 974 410 1007 P
445 974 482 1007 A
517 973 550 1007 L
586 973 619 1004 A
656 971 687 1003 E
725 970 748 1003 S
783 970 815 1003 Τ
849 970 885 1003 R
918 969 940 1001 I
978 968 1029 1000 Ο.

790 1175 918 1245 Quia
945 1173 1075 1219 enim
1106 1171 1351 1218 obsorbui:
1399 1202 1404 1211 =

71 1250 201 1297 Nam*
227 1249 366 1297 nimis
399 1248 577 1295 calebat
592 1282 607 1306 ,
640 1247 919 1294 amburebat
948 1258 1204 1313 gutturem.

390 1346 420 1379 P
454 1344 490 1378 A
523 1345 556 1378 L
589 1343 626 1377 A
659 1345 692 1378 Ε
729 1343 752 1378 S
788 1344 820 1376 T
854 1345 889 1378 R
922 1344 945 1377 I
981 1344 1032 1377 Ο.

72 1404 168 1452 Alii
201 1404 316 1450 ebrii
346 1414 456 1450 sunt
473 1438 488 1460 ,
515 1404 592 1450 alii
619 1420 811 1466 poscam
837 1403 1060 1464 potitant.

72 1478 210 1527 Bono
243 1495 500 1540 suppromo
537 1489 585 1524 et
608 1494 780 1539 promo
810 1479 977 1524 cellam
1003 1477 1253 1524 creditam!

531 1571 563 1604 1.
598 1572 635 1604 U
671 1573 698 1604 c
734 1572 768 1604 R
803 1571 823 1603 1
860 1571 908 1604 o.
1194 1562 1199 1567 ’

72 1630 157 1678 Tu
183 1631 338 1678 hercle
367 1630 497 1677 idem
526 1630 722 1687 faceres,
759 1630 797 1675 si
824 1630 914 1676 tibi
943 1640 1057 1676 esset
1089 1630 1287 1676 credita·

75 1704 323 1794 Quoniam
352 1703 573 1749 aemulari
601 1719 704 1749 non
735 1703 876 1760 licet,
904 1719 1034 1750 nunc
1061 1703 1256 1750 invides.

383 1789 413 1822 P
451 1788 488 1821 A
521 1789 553 1821 L
586 1788 623 1820 A
658 1789 689 1821 E
727 1788 749 1821 S
787 1788 819 1820 Τ
856 1789 890 1822 R
924 1788 945 1820 I
983 1789 1031 1823 Ο-

81 1847 183 1895 Eho
215 1860 275 1894 an
308 1865 575 1909 numquam
606 1849 805 1910 promsit
833 1850 1061 1896 antehac?
1097 1849 1358 1911 responde,

330 1924 488 1968 scelus.

83 1989 243 2051 Atque
271 2005 327 2039 ut
360 2006 415 2040 tu
445 1995 557 2040 scire
586 1995 759 2056 possis,
790 1994 925 2040 edico
962 1993 1081 2049 tibi,

85 2063 135 2110 Si
161 2063 268 2110 falsa
291 2067 434 2126 dixis,
465 2069 625 2125 cocio,
662 2068 998 2114 excruciabere.

533 2153 564 2187 1.
600 2153 635 2185 U
674 2154 701 2186 c
736 2154 771 2186 R
804 2154 825 2185 1
864 2154 911 2186 Q

86 2211 158 2258 Ita
190 2225 302 2258 vero
318 2243 332 2265 ,
358 2221 414 2255 ut
440 2222 496 2256 tu
526 2212 623 2273 ipse
655 2230 734 2258 me
763 2212 928 2258 dixisse
953 2212 1140 2265 delices;

87 2280 253 2325 Postea
277 2280 428 2342 sagina
456 2298 542 2344 ego
574 2282 723 2347 ejiciar
752 2283 960 2340 cellaria,

87 2349 155 2396 Ut
173 2350 262 2396 tibi
293 2350 378 2412 qui
409 2363 622 2437 promat,
651 2355 796 2402 alium
824 2370 1137 2417 suppromum
1174 2369 1315 2413 pares.

1058 2426 1096 2473 C
1116 2441 1139 2470 e
1178 2441 1203 2485 3
