1618 2866
240 194 338 255 584
707 196 745 241 P
779 197 818 243 E
851 196 895 244 R
926 196 957 244 S
989 198 1044 245 A.
1408 217 1535 263 v.3o

476 314 1305 356 SOPHOCLIDISC'A.

748 396 749 399 ¹
774 376 839 422 At
866 379 951 438 pol
975 379 1115 424 multi
1153 397 1245 426 esse
1274 381 1337 428 ita
1368 382 1531 429 sciunt.
1592 422 1596 427 .

632 462 661 495 P
699 462 733 495 A
766 463 815 497 E.
837 464 867 497 G
907 466 940 498 N
976 465 998 497 1
1036 463 1071 497 u
1109 465 1164 497 M.

244 511 389 560 Heia!

476 590 1298 630 SOPHOCLIDISCA.

374 650 521 697 Heia!
783 710 793 722 .
1175 648 1179 650 ’

638 729 667 762 Ρ
705 726 738 760 Α
776 726 805 758 Ε
847 727 879 760 G
915 728 948 760 N
986 727 1007 760 1
1047 727 1081 759 U
1118 729 1173 761 Μ.

527 788 638 834 Tuo
668 799 728 832 ex
752 786 942 850 ingenio
965 803 1118 832 mores
1146 787 1321 834 alienos
1348 787 1534 850 probas.

476 880 1318 917 SOPHOCLIDISCA.

249 936 416 991 Fateor
451 958 537 1006 ego
566 942 779 1004 profecto
811 957 890 988 me
925 958 1046 1000 esse,
1094 952 1149 988 ut
1187 941 1324 989 decet
1353 941 1538 989 lenonis

509 1014 728 1060 familiae.

641 1111 670 1144 P
711 1109 746 1143 A
784 1110 814 1142 E
854 1111 887 1144 G
925 1111 959 1145 N
996 1110 1017 1143 1
1055 1109 1091 1143 U
1126 1109 1183 1144 M.

244 1172 373 1223 fiatis
399 1173 499 1239 jam
528 1168 712 1218 dictum
743 1171 911 1218 habeo.

479 1264 1314 1300 SOPHOCLIDISGA.

471 1324 566 1372 Sed
598 1323 719 1385 quid
745 1322 831 1370 tu?
861 1324 1118 1382 confitere,
1150 1336 1208 1371 ut
1233 1337 1280 1371 te
1308 1322 1543 1370 autumo?

646 1415 677 1448 P
715 1414 750 1447 A
787 1415 817 1448 E
852 1414 885 1448 G
922 1417 955 1449 N
991 1417 1013 1449 1
1052 1416 1086 1449 U
1124 1416 1179 1450 M.·
1552 1394 1557 1399 ’

253 1480 443 1538 fatear,
474 1477 511 1523 si
540 1477 604 1522 ita
627 1476 727 1523 sim.

485 1566 1318 1604 SOPHOCLIDISCA.

448 1630 557 1691 Jam
585 1629 658 1675 abi
676 1662 689 1686 ,
716 1627 879 1675 vicisti.

645 1724 674 1756 P
712 1722 746 1755 A
784 1722 815 1753 E
856 1721 888 1754 G
925 1721 959 1754 N
996 1721 1016 1753 1
1053 1718 1088 1751 U
1125 1718 1181 1752 M.

721 1783 816 1828 Abi
845 1798 973 1828 nunc
995 1781 1110 1845 jam.

490 1871 1320 1912 SOPHOCLIDIS.CA.
1516 1901 1518 1903 ,

950 1935 1073 1998 Ergo
1094 1935 1186 1979 hoc
1205 1933 1323 1980 mihi
1348 1931 1548 1995 expedi,

261 2008 378 2077 Quo
401 2005 524 2071 agis?
731 2069 735 2074 .

651 2080 680 2113 P
716 2079 750 2112 A
786 2075 817 2112 Ε
857 2076 889 2110 G
923 2077 958 2110 N
992 2076 1014 2108 1
1052 2075 1087 2108 U
1123 2075 1178 2108 M.⁴

462 2143 580 2212 Quo
610 2139 703 2186 tu?
777 2174 782 2178 -

495 2227 1324 2271 SOPHOCLIDISCA.

671 2294 763 2341 Dic
788 2306 868 2339 tu:
902 2293 1031 2355 prior
1057 2292 1230 2356 rogavi.

656 2390 685 2423 P
722 2389 757 2423 A
792 2389 824 2423 E
864 2389 896 2423 G
933 2390 966 2422 N
1001 2389 1022 2421 1
1060 2388 1095 2421 U
1132 2387 1187 2420 M.-

1200 2437 1264 2486 At
1289 2440 1399 2501 po'st
1423 2437 1545 2484 scies·
