1618 2866
91 210 222 262 ως
380 191 1360 258 AcTU511‘5o11.101

91 306 387 353 Consilium:
426 309 462 354 si
489 326 591 355 non
622 310 852 378 placebit,
894 313 1144 395 reperitote
1176 316 1362 362 rectius.

91 377 247 426 Mihi
234 379 333 426 istic
351 396 440 426 nec
459 382 651 442 seritur,
677 399 766 430 nec
782 385 999 432 metitur:
1025 387 1112 432 nisi
1137 403 1215 445 ea,
1236 405 1360 450 quae

338 463 394 498 tu
417 453 515 511 vis,
542 455 669 500 volo.

408 551 437 584 P
473 552 503 585 Ε
538 554 572 587 R
606 553 627 585 1
662 553 691 586 P
728 554 763 587 Η
798 554 832 587 Α
866 555 900 588 N
935 556 963 588 Ε
1001 556 1040 590 s.

92 605 300 653 Gratiam
316 608 494 657 habeo:
519 611 591 658 fac
607 613 851 675 participes
865 630 951 661 nos
968 627 1076 661 tuae
1092 617 1354 678 sapientiae.

467 711 964 749 EPIDICUS.

88 764 342 813 Continuo·
368 769 616 817 arbitretur
654 789 775 820 uxor
803 786 890 823 tuo
917 789 1073 842 gnato.
1108 789 1255 839 atque
1293 788 1351 824 ut

336 839 576 888 fidicinam

64 898 216 955 'Illam
227 943 242 968 ‚
263 926 409 973 quam
424 913 459 959 is
477 917 579 961 volt
592 916 785 965 liberare
797 952 812 976 ,
833 935 955 980 quae
972 921 1110 968 illurn
1128 938 1351 969 conrum-

35 984 38 987 ’
327 986 401 1047 pit
428 987 543 1045 tibi,

82 1050 332 1102 Ulciscare:
363 1067 508 1118 atque
534 1060 598 1105 ita
631 1074 845 1121 curetur,
873 1081 1026 1127 usque
1048 1067 1110 1114 ad
1143 1078 1350 1115 mortem

335 1140 391 1174 Ut
421 1142 597 1177 SCIVlat.

433 1228 467 1260 A
503 1229 531 1262 P
567 1230 599 1264 o
634 1232 667 1265 Ε
701 1234 728 1267 c
762 1234 784 1266 1
818 1235 853 1267 D
888 1235 918 1268 Ε
954 1236 993 1270 s.

79 1283 198 1332 Fieri
222 1285 423 1349 oportet.

392 1388 423 1421 P
457 1388 487 1420 E
522 1389 556 1422 R
589 1389 612 1421 1
649 1390 678 1423 P
712 1389 747 1423 H
779 1365 814 1424 A
848 1393 883 1426 N
916 1393 946 1425 E
985 1392 1025 1426 s,

204 1444 370 1493 Facere
391 1447 533 1509 cupio
557 1449 769 1509 quidvis,
797 1451 916 1498 dum
937 1452 988 1497 id
1010 1452 1090 1498 fiat
1114 1451 1277 1498 modo·

454 1548 948 1588 EPIDICUS.

1187 1605 1339 1650 Hem!

25 1729 29 1734 1
74 1664 215 1714 Nunc
250 1671 427 1717 occasio
442 1672 495 1718 ’st
521 1673 759 1733 faciundi,
789 1676 1067 1738 priusquam
1094 1677 1146 1722 in
1170 1675 1341 1723 urbem

318 1744 558 1791 advenerit
571 1780 586 1803 ‚

73 1808 203 1888 Sicut
229 1831 321 1862 cras
343 1817 419 1864 hic
447 1818 616 1865 aderit:
646 1819 791 1866 hodie
809 1837 909 1867 non
931 1823 1126 1868 venerit.

389 1923 420 1956 P
458 1925 488 1957 E
523 1924 557 1957 R
589 1924 612 1957 1
645 1925 674 1957 P
707 1925 743 1958 Η
776 1925 812 1958 A
845 1926 879 1959 N
911 1928 941 1960 Ε
978 1928 1015 1962 s.

969 1991 1072 2059 Qui
1092 1990 1206 2040 scis?

450 2084 481 2116 Ε
515 2085 544 2118 P
579 2087 600 2119 1
635 2087 670 2120 D
705 2088 727 2121 1
765 2089 792 2121 c
828 2089 864 2122 U
900 2089 937 2123 s.

1214 2148 1333 2196 Scio.

77 2203 202 2273 Quia
216 2207 332 2254 mihi
356 2211 469 2258 alius
489 2214 607 2262 dixit
623 2251 638 2274 ,
666 2217 751 2278 qui
767 2217 897 2264 illinc
917 2220 1051 2266 venit
1064 2254 1077 2278 ‚
1099 2237 1239 2268 mane
1256 2222 1342 2269 hic?

323 2282 475 2331 affore.

375 2373 405 2407 Ρ
439 2377 470 2409 Ε
504 2379 538 2411 R
570 2380 593 2412 1
627 2381 656 2413 P
695 2382 730 2414 Η
765 2382 800 2415 A
833 2384 868 2416 N
903 2384 932 2416 E
970 2385 1011 2418 s.

74 2429 210 2497 Quin
242 2441 299 2476 tu
326 2433 572 2495 eloquere:
605 2440 725 2500 quid
750 2441 1008 2489 faciemus?

869 2513 891 2526 c
1004 2515 1049 2560 G
1080 2531 1106 2575 3
