1618 2866
237 147 334 192 600
701 146 738 193 P
772 146 810 195 E
843 145 886 193 R
917 145 948 193 S
981 145 1034 195 A.
1395 166 1437 196 v.
1458 139 1527 213 ‘27¹⁴

723 268 760 302 V
799 268 820 300 1
856 270 889 301 R
927 269 958 300 G
995 269 1044 302 o.

233 327 396 383 Pater,
428 326 685 373 hominum
718 321 977 374 inmoitalis
1009 339 1075 374 est
1101 328 1290 376 infamia
1309 363 1324 388 ‚

232 399 389 449 Etiam
417 410 523 445 tum
549 401 663 448 vivit
679 436 693 458 ,
721 418 873 462 quom
905 417 997 446 esse
1022 400 1178 447 credas
1199 413 1451 454 mortuam.

657 496 679 528 s
718 494 752 527 A
789 495 820 527 Τ
857 495 891 527 U
928 496 961 528 R
997 496 1016 528 1
1055 497 1100 528 o.

236 554 412 625 Quid?
438 556 637 614 metu18‚
662 573 723 603 ne
755 567 802 602 te
832 557 1077 602 vendam?

727 650 1048 684 VIRGO.

1001 711 1114 756 Non
1138 723 1305 760 metuo
1322 748 1335 771 ,
1368 726 1517 776 pater.

234 773 282 821 V
284 790 418 820 emm
440 773 697 819 insimulari
727 776 857 822 nolo.

659 859 682 892 S
721 859 754 892 A
793 860 824 895 T
862 860 896 892 U
933 862 966 894 R
1002 861 1022 895 I
1048 862 1104 899 ,0.

926 921 989 967 At
1023 922 1354 984 nequidquam
1375 926 1518 973 nevis.

232 993 347 1039 Meo
384 988 533 1038 modo
563 993 689 1038 istud
723 993 882 1055 potius
913 994 1022 1052 fiet,
1054 1012 1201 1056 quam
1227 1007 1316 1044 tuo

232 1067 349 1114 Fiat.
383 1083 506 1128 quae
538 1067 625 1113 hae
659 1084 728 1113 tes
760 1069 902 1114 sunt?

716 1153 752 1187 V
790 1153 809 1185 I
847 1155 879 1186 R
917 1153 949 1186 G
986 1154 1035 1187 O.

792 1212 958 1275 Cogita
982 1214 1072 1259 hoc
1099 1213 1328 1272 verbum,
1361 1224 1517 1276 pater:

232 1285 388 1331 Herus
414 1284 450 1341 si
484 1283 688 1330 minatus
719 1295 786 1329 est
817 1286 999 1331 malum
1023 1302 1157 1333 servo
1179 1303 1274 1349 ‚suo
1293 1320 1308 1343 ,
1390 1339 1393 1341 ,

234 1359 508 1406 Tamenetsi
541 1359 591 1403 id
624 1358 840 1403 futurum
875 1375 976 1405 non
1011 1371 1104 1417 est,
1138 1359 1224 1406 ubi
1254 1371 1447 1422 captum
1469 1361 1525 1407 'st

432 1451 435 1461 ·
489 1431 690 1496 flagrum
707 1466 720 1489 ‚

234 1505 369 1552 Dum
403 1505 583 1551 tunicas
616 1505 757 1567 ponit
776 1540 789 1562 ,
822 1515 999 1566 quanta
1026 1504 1222 1549 afficitur
1251 1504 1455 1550 miseria!

238 1577 341 1641 Ego
361 1593 511 1634 nunc,
531 1578 669 1641 quod
688 1593 790 1623 non
807 1575 1022 1623 futurum
1032 1576 1103 1633 ’st,
1122 1569 1330 1622 formido
1348 1587 1521 1622 tamen.

655 1673 677 1706 s
716 1675 750 1706 A
788 1674 818 1706 T
855 1674 889 1706 U
927 1675 959 1706 R
997 1672 1018 1704 1
1055 1672 1101 1705 ο.

235 1730 381 1795 Virgo
406 1743 548 1792 atque
577 1735 749 1780 mulier
773 1736 904 1779 nulla
935 1734 1046 1791 erit,
1073 1734 1192 1794 quin
1220 1734 1278 1779 sit
1304 1734 1425 1780 mala
1441 1767 1456 1792 ,

236 1805 377 1874 Quae
406 1815 589 1866 praeter
619 1807 790 1866 sapiet,
826 1823 971 1866 quam
997 1808 1152 1868 placet
1183 1805 1471 1867 parentibus.

726 1891 762 1924 V
803 1890 822 1922 1
860 1891 892 1923 R
928 1889 960 1921 G
1001 1891 1050 1922 Ο.

236 1949 383 2014 Virgo
410 1959 554 2010 atque
582 1950 755 1995 mulier
781 1951 913 1998 nulla
938 1950 1023 1994 erit
1038 1982 1051 2006 ,
1083 1951 1203 2010 quin
1223 1950 1280 1995 sit
1308 1952 1455 2009 mala,

236 2022 378 2092 Quae
407 2017 600 2080 ret'icet,
631 2023 666 2067 si
702 2022 823 2083 quid
856 2022 957 2067 fieri
984 2038 1205 2083 pervorse
1238 2022 1382 2070 videt.

276 2093 278 2095 ’
654 2107 676 2140 s
715 2092 748 2140 Α
786 2107 818 2140 T
854 2108 888 2140 u
926 2108 959 2140 R
994 2107 1015 2139 1
1055 2107 1101 2140 ο.
1161 2089 1181 2111 ⁰

237 2167 366 2215 Malo
395 2184 555 2216 cavere
586 2169 733 2216 melin
755 2169 810 2217 'st
839 2180 901 2216 te.

728 2254 762 2290 V
801 2254 822 2287 I
858 2255 893 2292 Β.
928 2253 961 2286 G
1000 2254 1048 2287 O.

906 2313 970 2359 At
1001 2314 1037 2358 si
1066 2329 1167 2360 non
1198 2316 1309 2364 licet

238 2387 412 2436 Cavere
427 2421 442 2449 ,
473 2387 594 2449 quid
628 2385 794 2451 agam?
821 2401 932 2435 nam
961 2401 1049 2450 ego
1074 2387 1162 2434 tibi
1185 2398 1378 2436 cautum
1396 2389 1522 2436 volo-
