1618 2866
123 182 282 231 mus
396 163 691 216 ACTUS
738 165 775 211 Ι.
810 162 917 212 SC.
968 161 1087 211 ΙΙΙ.
1318 162 1416 227 487¹

413 289 445 323 P
483 288 518 321 Η
550 285 574 320 1
610 284 641 320 Ῐ,
676 285 707 320 Ε
743 284 787 320 Μ
823 284 858 319 A
893 284 925 318 ‘1'
961 283 983 319 1
1017 283 1053 318 U
1088 282 1148 316 M

124 346 345 441 Agedum
368 349 641 410 contempla
662 363 833 393 aurum
858 358 905 392 et
920 347 1122 409 pallam,
1139 343 1271 393 satin’
1290 344 1407 391 haec

381 442 461 473 me
493 424 682 480 deceat,
710 420 925 497 Scapha?

578 526 602 560 S
637 524 665 558 C
702 523 736 557 A
774 524 803 557 1’
839 522 876 556 H
909 522 958 556 A.

122 595 242 643 Non
265 611 344 641 me
368 610 530 641 curare
559 595 678 640 istuc
711 601 918 654 oportet.

402 690 1130 732 PHILEMATIUM.

381 752 385 755 ¹
641 764 807 834 Quem
830 761 1024 820 obsecro
1057 759 1199 824 igitur
1213 755 1238 803 Ξ)

578 863 603 898 S
637 864 665 897 C
700 863 735 898 A
771 865 800 899 Ρ
834 864 870 898 Η
905 865 956 899 Α.

1165 913 1401 974 Eloquar:

121 989 474 1046 Philolachem,
507 987 544 1033 is
577 1004 639 1033 ne
678 987 800 1048 quid
828 999 981 1047 emt,
1022 987 1111 1033 nisi
1139 985 1279 1046 quod
1314 984 1405 1030 tibi

216 1087 220 1090 -
299 1101 302 1104 .
378 1062 562 1122 placere
591 1073 789 1107 censeat.

122 1119 249 1178 Nam
282 1143 462 1179 amator
486 1133 740 1180 meretricis
766 1150 920 1180 mores
952 1133 1040 1180 sibi
1068 1134 1185 1180 emit
1209 1148 1323 1178 auro
1354 1141 1405 1177 et

375 1222 597 1267 purpura.
665 1216 675 1227 ⁰

120 1265 261 1345 Quid
294 1293 393 1338 opu
414 1278 495 1335 'st,
532 1277 668 1339 quod
701 1294 842 1324 suum
875 1294 969 1325 esse
1002 1279 1157 1336 nolit,
1199 1278 1243 1324 ei
1275 1277 1402 1323 ultro

379 1353 673 1398 ostentarier.
661 1352 684 1386 Ρ

121 1421 333 1484 Purpura
369 1434 490 1469 aetas
517 1422 826 1471 occultanda’
829 1435 896 1471 st.
927 1441 1096 1471 aurum
1121 1436 1262 1485 turpe
1290 1439 1401 1468 mu-

371 1498 486 1544 lieri.
1469 1493 1473 1495 ’

119 1567 318 1615 Pulchra
334 1570 505 1616 mulier
523 1569 654 1616 nuda
675 1569 762 1615 erit
779 1603 794 1627 ‚
818 1587 967 1632 quam
987 1579 1247 1632 purpurata
1262 1602 1276 1625 ,
1293 1567 1402 1628 puls

372 1642 549 1688 εΙιῙίοῐ.

119 1711 284 1760 Postea
311 1715 646 1776 nequidquam
674 1716 967 1762 exornam’st
993 1716 1119 1762 bene
1135 1748 1150 1773 ‚
1177 1715 1214 1760 si
1243 1732 1399 1761 mora⁴

369 1799 418 1834 ta
439 1789 495 1834 ’st
527 1790 665 1834 male.

119 1855 376 1905 Pulchmm
394 1873 618 1907 ornatum
630 1873 789 1923 turpes
801 1874 955 1907 mores
971 1861 1105 1925 pejus
1120 1877 1273 1908 coeno
1292 1877 1400 1909 cono

370 1933 542 1980 linunt.

123 2000 244 2048 Nam
272 2004 309 2049 si
330 2007 528 2066 pulchra
540 2007 621 2064 'st,
647 2007 787 2052 nimis
817 2015 981 2052 ornata
1001 2006 1070 2052 ’st,

414 2108 1122 2143 PHILOLACHES.

656 2169 807 2214 Nimis
833 2169 918 2214 diu
944 2168 1156 2216 abstineo
1184 2184 1396 2215 manum.

126 2234 262 2304 Quid
287 2236 364 2284 hic
393 2254 477 2285 vos
506 2241 627 2288 duae
655 2242 823 2305 agitis?

416 2333 1138 2374 PHILEMATIUM.

411 2399 524 2446 Tibi
549 2419 628 2449 me
660 2420 842 2452 exorno
873 2416 931 2452 ut
962 2406 1189 2467 placeam.

650 2490 652 2492 ·
1055 2480 1102 2523 Η
1121 2480 1153 2524 h
1177 2494 1209 2539 4
