1618 2866
260 185 353 218 ‹210
533 170 1262 237 MENAECHMEI.
1403 195 1527 242 ψῃ

259 275 397 333 Tibi,
435 286 516 322 aut
541 276 659 321 adeo
685 277 786 337 isti,
816 294 937 339 quae
963 279 1082 339 mihi
1105 284 1301 331 molesta
1324 285 1378 332 'st
1405 285 1531 348 quo-

512 366 611 411 quo
642 351 828 401 modo?

695 438 738 471 M
776 438 812 471 U
847 439 878 472 L
913 440 935 473 1
969 441 999 473 E
1033 443 1080 476 R.

257 496 427 545 Viden’
458 508 513 543 tu
541 498 609 543 illi
644 500 807 545 oculos
841 501 1022 554 virere?
1053 514 1108 550 ut
1134 504 1292 552 viridis
1322 509 1529 557 exoritur

510 573 637 617 colos

253 644 328 692 Ex
363 644 661 707 temporibus
698 657 844 707 atque
886 647 1064 694 fronte!
1103 662 1159 698 ut
1195 653 1322 715 oculi
1355 654 1531 701 scintil-⁴

507 719 628 763 lant!
655 718 777 764 vide.

561 811 603 843 M
638 812 667 843 E
705 813 739 844 N
773 813 805 846 A
841 814 872 847 E
908 816 934 848 C
970 815 1004 848 H
1038 815 1081 849 M
1116 817 1151 849 U
1188 818 1224 851 S.

252 872 390 941 Quid
415 873 532 919 mihi
560 873 708 919 meliu
735 875 789 920 ’st
807 909 821 932 ,
863 893 1011 937 quam
1037 878 1231 939 quando
1255 880 1323 925 illi
1349 896 1428 926 me
1453 880 1527 926 in-

513 946 659 991 sanire
688 948 989 1008 praedicant,
1195 960 1202 966 ‘

250 1020 352 1084 Ego
381 1037 460 1066 me
489 1021 755 1067 assimulem
789 1023 1014 1082 insanire,
1048 1035 1105 1070 ut
1129 1023 1231 1070 illos
1260 1041 1286 1070 a
1317 1040 1396 1071 me
1425 1024 1526 1070 abs-

508 1095 737 1140 terream?
1249 1099 1255 1104 '
1456 1084 1465 1094 ⁸

694 1181 736 1213 M
773 1181 808 1213 U
843 1182 874 1214 1.
909 1182 930 1214 1
966 1182 995 1215 Ε
1030 1183 1078 1215 R.

251 1239 318 1285 Ut
351 1238 657 1300 pandiculans
693 1242 940 1289 oscitatur!
990 1242 1111 1304 quid
1154 1258 1286 1289 nunc
1327 1241 1525 1302 faciamj

499 1312 568 1357 mi
589 1313 752 1372 pater?
1293 1311 1299 1317 ’
1464 1317 1468 1321 ’

731 1395 752 1428 s
789 1397 819 1429 E
855 1388 906 1429 N*
923 1398 953 1429 E
991 1399 1040 1431 x.
1401 1430 1407 1435 .

252 1455 472 1502 Concede
506 1455 630 1512 huc,
669 1471 775 1500 mea
802 1466 939 1513 nata,
973 1456 1031 1501 ab
1059 1456 1176 1503 istoc
1208 1474 1356 1518 quam
1387 1467 1523 1520 potes

501 1527 800 1591 longissume.

543 1612 1211 1648 MENAECHMUS.

247 1676 405 1732 Evoe,
436 1674 550 1720 Evie
570 1708 583 1729 ,
614 1673 832 1730 Bromie,
864 1690 964 1734 quo
997 1690 1075 1720 me
1110 1674 1161 1720 in
1187 1673 1349 1719 silvam
1377 1691 1518 1721 vena-

499 1757 607 1791 tum
633 1745 802 1792 vocas?

244 1822 430 1868 Audio:
462 1820 543 1865 sed
572 1836 672 1864 non
695 1819 820 1864 abire
845 1835 1038 1880 possum
1057 1817 1116 1863 ab
1137 1817 1205 1863 his
1222 1820 1512 1883 regionibus:

245 1893 318 1937 Ita
335 1892 415 1941 ,illa
435 1907 513 1935 me
531 1889 590 1934 ab
610 1890 738 1935 laeva
755 1889 934 1934 rabiosa
953 1887 1128 1933 femina
1153 1888 1358 1935 adservat
1378 1891 1514 1936 canis.

243 1964 354 2010 Post
388 1974 549 2008 autem
580 1961 675 2006 illic
711 1962 863 2008 hircus
892 1962 1007 2006 alius
1026 1994 1041 2017 ,
1074 1961 1160 2020 qui
1194 1978 1328 2024 saepe
1364 1973 1514 2009 aetate

498 2034 548 2079 in
578 2050 659 2079 sua

243 2107 454 2155 Perdidit
483 2107 633 2153 civem
666 2106 972 2152 innocentem
1007 2103 1120 2152 falso
1148 2106 1434 2154 testimonio·

723 2200 746 2233 S
781 2200 811 2233 E
846 2202 879 2234 N
913 2200 943 2232 E
979 2201 1029 2232 X.

240 2254 338 2302 Vae
365 2254 503 2316 capiti
525 2255 636 2299 tuo!

531 2338 573 2370 M
607 2338 637 2370 Ε
674 2338 705 2370 N
742 2338 775 2370 A
811 2337 841 2370 E
881 2338 906 2369 c
945 2337 978 2369 Η
1014 2337 1056 2369 Μ
1092 2337 1127 2369 U
1164 2338 1202 2372 s.

476 2399 595 2445 Ecce
622 2397 796 2459 Apollo
826 2397 944 2443 mihi
972 2413 1031 2443 ex
1058 2400 1250 2453 oraculo
1278 2400 1503 2462 imperat,

1613 2351 1618 2376 1

1613 2377 1618 2396 ι
