1618 2866
54 172 190 214 170
329 147 639 200 ,ACTUS
686 145 787 194 IV.
845 142 943 192 SC.
989 143 1110 190 111.
1240 156 1341 210 542

411 271 441 304 Ρ
478 271 513 304 H
549 269 586 302 Α
618 267 651 302 u
685 268 707 300 1
742 265 766 300 s
800 266 828 299 c
863 265 900 298 u
935 262 974 298 s.
1399 268 1417 289 ι

348 332 485 401 Quid
510 345 687 377 mereat
704 361 719 385 ‚
751 325 1068 388 quamobrem
1095 324 1340 374 mentiar?

20 415 24 418 ’
62 408 193 456 Heus
214 422 298 453 vos
314 439 328 463 ,
359 402 520 464 ecquis
548 401 683 448 hasce
709 398 857 461 aperit
871 398 894 443 ἐ’

352 484 1064 533 THEUROPIDES.

418 556 555 627 Quid
574 556 683 601 istac
699 554 879 615 pultas,
906 552 991 599 ubi
1014 568 1160 600 nemo
1178 553 1337 602 intus?

420 651 452 685 P
486 649 523 684 ιι
555 648 591 683 Α
626 649 659 682 Ν
694 648 715 681 1
753 648 776 682 s
816 650 844 681 c
884 647 919 681 u
958 647 998 682 s.

66 711 177 760 Alio
196 711 336 758 credo
351 710 654 759 comissatum
670 708 827 756 abisse.
844 708 1065 755 abeamus
1082 724 1211 757 nunc
1223 711 1339 775 jam.

68 804 117 837 21
355 803 1134 842 TREUROPIDES.‚

66 867 215 913 Puere
225 901 239 924 ‚
252 867 413 931 jamne
429 865 531 910 abis
541 865 563 908 Ρ
579 864 765 910 libertas
780 865 983 926 paenula
1003 875 1070 910 est
1088 875 1219 929 tergo
1237 877 1338 913 tuo.

175 1004 181 1009 .
424 956 454 992 1³
493 957 528 991 Η
563 959 598 991 A
634 960 668 992 n
706 959 727 990 1
764 958 787 993 s
828 959 855 990 c
896 957 1006 1006 σφε.

67 1020 216 1077 Mihi,
248 1021 338 1066 nisi·
366 1020 535 1064 hetum
559 1029 773 1064 metuam
805 1028 853 1063 et
877 1032 1066 1074 cuxem,
1095 1017 1215 1063 nihil
1249 1030 1347 1077 est,

322 1092 409 1153 qui
435 1102 621 1155 tergum
649 1101 818 1154 tegam.

384 1245 421 1292 S
470 1244 511 1291 C
554 1243 598 1292 E
640 1243 695 1290 N
732 1244 775 1290 A
860 1243 1018 1290 III.

149 1387 940 1428 THEUROPIDES,
1010 1387 1273 1433 SIMO.

363 1514 1070 1553 THEUROPIDES.

77 1572 206 1686 PE
221 1649 322 1684 R11
354 1636 510 1690 hercle
526 1668 541 1691 ‚
573 1633 694 1695 quid
724 1649 844 1694 opus
870 1643 937 1678 est
962 1630 1150 1677 verbis?
1179 1642 1235 1678 ut
1250 1647 1352 1680 ver-⁴

255 1741 258 1742 ⁷
332 1709 395 1754 ba
425 1707 597 1764 audio,

79 1782 196 1829 Non
213 1781 439 1843 equidem
454 1781 503 1826 'm
514 1780 789 1845 Aegyptum
802 1778 915 1825 hinc
923 1778 1073 1826 modo
1086 1790 1247 1826 vectus
1263 1780 1358 1839 fui,-

82 1855 177 1902 Sed
207 1855 347 1900 etiam
367 1855 430 1899 -in
461 1865 598 1900 terras
627 1854 742 1899 solas
758 1887 773 1910 ‚
800 1868 997 1913 orasque
1022 1853 1209 1907 ultimas

83 1925 203 1972 Sum
228 1927 592 1983 ci1cu1nvectus‚
620 1926 686 1972 ita
714 1926 798 1971 ubi
825 1942 958 1972 nunc
988 1926 1076 1971 sim
1104 1927 1275 1972 nescio.
1346 1960 1357 1964 -

86 1996 267 2044 Verum
285 2001 386 2062 jam
406 1999 559 2045 scibo:
592 2015 705 2044 nam
723 2014 888 2044 eccum
901 2032 916 2055 ,
941 1998 1071 2043 unde
1088 1997 1212 2042 aedis
1229 1997 1352 2042 filius

85 2068 221 2116 Meus
247 2071 374 2116 emit.
397 2071 518 2131 quid
544 2072 606 2116 ais
625 2071 711 2117 tu?

603 2163 626 2196 s
662 2163 685 2195 1
720 2163 763 2195 M
799 2163 848 2194 ο.

704 2253 705 2256 =
742 2220 785 2266 A
813 2220 918 2266 foro
944 2220 1115 2267 incedo
1144 2219 1364 2272 dommn.

382 2308 1094 2354 THEUROPIDES.

90 2368 347 2429 Numquid
372 2370 592 2429 processit
621 2370 683 2415 ad
707 2370 866 2426 forum
891 2371 1037 2426 hodie
1069 2373 1220 2419 novi?

168 2440 255 2488 Vol.
291 2441 355 2485 II.
1030 2443 1084 2487 M
1102 2459 1153 2486 m
