1618 2866
67 197 191 241 v.15
357 176 643 226 ACTUS
695 176 793 223 IV.
849 174 956 222 SC.
1007 176 1085 221 ΙΙ.
1254 189 1343 236 ¹29

380 302 410 335 P
446 302 476 334 E
512 302 545 334 R
580 301 600 333 1
638 301 666 333 P
702 298 735 331 Η
770 297 805 332 A
838 298 873 330 N
913 298 943 330 E
978 297 1017 332 s.

320 361 449 408 Haec
466 371 606 424 negat
624 376 671 405 se
688 370 822 404 tuam
841 373 934 403 esse
944 367 1163 412 matrem.

464 449 980 486 FIDICINA.'

1116 499 1192 545 Ne
1214 498 1342 558 fuat,

66 571 117 620 Si
146 588 247 619 non
262 573 379 619 volt.
413 571 641 632 equidem
667 571 754 618 hac
775 572 923 618 invita
939 582 1100 618 tamen
1127 587 1208 618 ero
1240 587 1342 617 ma-

304 644 397 689 ·tris
418 643 525 689 filia.

66 710 179 756 Non
220 725 300 755 me
334 709 477 753 istanc
509 722 675 770 cogere
706 723 917 768 aequom
946 710 1002 754 'st
1039 725 1196 755 meam
1241 724 1336 755 esse

322 791 522 824 matrem
539 813 554 835 ,
584 778 620 822 si
645 781 822 836 nevolt.

380 873 409 905 P
445 873 475 904 Ε
511 874 544 906 R
580 873 599 906 1
637 873 664 905 P
702 873 735 905 Η
772 873 806 906 A
841 874 876 907 N
911 873 941 905 F.
979 872 1017 906 s.

65 936 164 983 Cur
183 952 262 982 me
277 935 418 999 igitur
433 946 616 996 patrem
632 934 827 981 vocabas
837 935 859 980 Ρ

445 1027 472 1058 F
509 1026 530 1057 1
566 1027 602 1058 D
637 1026 658 1058 1
693 1026 719 1058 c
756 1027 776 1058 1
811 1027 845 1058 N
881 1026 931 1059 A.

568 1086 676 1131 Tua
695 1087 831 1131 istaec
849 1087 989 1147 culpa
1005 1087 1083 1143 ’st‚
1102 1100 1202 1132 non
1220 1103 1339 1135 mea.

66 1162 180 1208 Non
205 1171 388 1223 patrem
415 1175 502 1222 ego
529 1170 577 1204 te
597 1159 872 1216 nominem,
904 1159 990 1205 ubi
1017 1171 1072 1205 tu
1099 1172 1230 1207 tuam
1258 1177 1341 1209 me

318 1233 522 1294 appelles
541 1230 717 1276 filiam?

69 1307 206 1353 Hanc
237 1321 436 1367 quoque
456 1305 595 1349 etiam
608 1338 622 1360 ‚
657 1304 693 1349 si
719 1321 800 1350 me
827 1306 1034 1367 appellet
1058 1306 1231 1363 filiam,
1246 1323 1343 1352 ma·-

326 1390 446 1422 trem
468 1391 650 1422 vocem.

70 1449 223 1513 Negat
243 1449 357 1494 haec
370 1483 385 1505 ‚
403 1448 544 1493 filiam
565 1463 644 1492 me
661 1463 793 1492 suam
814 1462 906 1492 esse
921 1480 936 1503 ‚
970 1461 1072 1492 non
1097 1462 1208 1510 ergo
1224 1447 1341 1495 haec

317 1531 465 1566 mater
493 1520 680 1566 mea’st.

69 1594 310 1641 Postremo
338 1595 451 1639 haec
482 1609 587 1638 mea
617 1593 757 1653 culpa
773 1608 873 1638 non
895 1602 987 1638 est:
1016 1608 1138 1652 quae
1169 1590 1341 1651 didici,

321 1665 421 1710 dixi
446 1664 620 1709 omnia.
1220 1657 1227 1667 ‘

69 1738 291 1801 Epidicus
314 1738 433 1784 mihi
457 1737 670 1802 magister
689 1734 792 1782 fuit.

377 1832 405 1864 P
441 1831 472 1863 Ε
507 1831 542 1863 R
575 1830 597 1862 1
632 1830 659 1861 P
696 1830 729 1861 Η
764 1829 800 1862 A
833 1829 867 1861 N
901 1829 931 1861 Ε
968 1828 1006 1862 s.

695 1887 842 1933 Perii!
868 1889 1130 1949 plaustrum
1146 1889 1340 1950 perculi.

452 1976 481 2008 P
517 1974 539 2006 1
574 1975 610 2007 D
644 1973 665 2005 1
700 1974 728 2006 c
764 1974 784 2006 1
819 1975 854 2007 N
891 1974 939 2007 A.

72 2032 325 2095 Numquid
347 2050 435 2098 ego
455 2033 522 2079 ibi
538 2032 759 2094 peccavi?

380 2117 1019 2152 PERIPHANES.

357 2177 405 2224 Si
430 2179 585 2224 hercle
604 2188 652 2222 te
669 2194 902 2237 umquam
919 2177 1143 2223 audivero
1158 2188 1341 2238 patrem

73 2248 154 2294 Me
170 2263 359 2307 vocas-e,
378 2249 528 2295 vioem
538 2260 671 2294 tuam
690 2264 777 2311 ego
798 2248 1092 2307 interimam,
1110 2262 1338 2310 pessuma.

464 2342 494 2374 F
528 2341 550 2373 1
586 2342 628 2374 D.
656 2341 677 2373 1
711 2341 739 2372 c
775 2341 795 2372 1
829 2342 863 2374 N
897 2341 945 2374 A.

1072 2399 1340 2445 Nonvoco.

147 2469 232 2516 Vol.
259 2469 323 2514 ῙῙ.
1097 2471 1122 2515 Ι
