1618 2866
69 137 204 194 mm
340 133 653 183 'ACTUS
703 132 952 222 1V3SC.
1001 133 1085 182 11.
1254 149 1352 201 421,

386 254 418 289 P
456 254 492 289 A
526 254 557 289 1.
595 253 630 287 A
664 253 696 287 E
733 252 758 289 S
793 253 826 287 T
860 254 895 288 R
929 254 951 288 1
985 254 1038 288 0.

465 313 605 382 Quin
637 324 694 361 tu
718 313 831 360 huic
855 312 1110 375 respondes
1136 314 1353 376 aliquid,

70 389 173 438 'Aut
210 389 478 445 facturum,
514 399 595 433 aut
632 403 734 434 non
766 387 1038 439 facturum?
1073 388 1195 450 quid
1222 388 1353 435 illam

324 461 539 508 miseram
566 459 712 505 animi
744 459 1008 516 excrucias,
1339 488 1342 490 -

70 535 211 604 Quae
238 548 509 594 numquam
534 533 658 578 male
684 531 744 578 de
768 543 818 578 te
836 532 1001 579 merita
1016 533 1107 579 ’sti'

262 633 1180 670 PYRGoPoLINICEs.

48 758 51 760 ⁴
448 693 513 740 At
531 692 653 757 jube
678 710 864 756 eampse
891 711 1017 770 efflue
1039 696 1136 742 huc
1168 694 1230 741 ad
1255 711 1356 743 nos.

70 767 165 816 Dic
190 780 272 814 me
297 765 483 823 omnia,
518 781 642 826 quae
661 767 794 823 volt,
823 766 1077 816 facturum.

365 861 407 894 M
445 860 467 893 1
501 860 532 893 Ι,
569 859 597 892 P
634 860 669 893 Η
705 860 726 892 1
761 861 797 893 D
830 860 852 892 1
887 834 916 893 P
958 861 987 894 P
1022 861 1071 894 A.

520 920 647 966 Facis
669 936 828 977 nunc,
859 932 915 966 ut
940 920 1090 969 facere
1115 937 1349 982 aequom3

70 992 255 1061 Quod,
289 1009 414 1054 quae
436 1003 485 1039 te
507 994 636 1049 volt,
663 991 957 1044 eamdem-tu
974 992 1058 1039 vis.

397 1085 427 1118 P
464 1085 500 1118 A
535 1085 566 1118 L
601 1084 636 1117 A
670 1085 700 1117 Ε
737 1084 760 1118 s
797 1085 828 1118 Τ
862 1086 898 1118 R
932 1085 953 1117 1
993 1085 1045 1118 o.

431 1144 545 1190 Non
568 1145 645 1191 hic
674 1146 905 1195 insulsum
927 1146 1073 1193 habet
1095 1144 1358 1210 ingenium.

369 1236 1076 1289 MILPHIDJPPA.

80 1296 352 1366 Quomque
380 1315 460 1344 me
486 1298 731 1344 oratricem
767 1298 900 1344 haud
926 1299 1165 1360 sprevisti,
1192 1299 1358 1361 sivisti-

335 1387 433 1432 que
461 1388 652 1420 exorare
687 1387 748 1418 ex
778 1382 839 1417 te.

71 1443 217 1513 Quid
247 1445 348 1490 est?
377 1457 433 1491 ut
459 1445 606 1492 ludo!

400 1538 428 1570 P
464 1537 499 1570 A
534 1538 566 1571 L
599 1538 635 1572 A
671 1539 702 1571 E
741 1538 763 1572 S
800 1539 832 1571 T
869 1541 902 1573 R
935 1539 957 1572 I
996 1540 1044 1572 Ο.

173 1596 377 1659 Nequeo
395 1599 551 1644 hercle
571 1599 770 1658 quidem
788 1600 882 1646 risu
900 1617 979 1645 me
1002 1598 1360 1647 admoderarier.

75 1669 162 1718 Ob
193 1685 297 1718 eam
323 1687 529 1718 caussam
554 1671 648 1719 huc
676 1672 756 1719 abs
781 1683 830 1718 te
857 1673 1020 1720 avorti.

273 1763 1177 1799 PYRGOPOLINICES

613 1825 726 1872 Non
745 1826 918 1888 edepol
941 1838 997 1873 tu
1020 1827 1103 1872 scis
1120 1862 1134 1883 ,
1167 1827 1362 1884 mulier,

77 1872 336 1964 Quantum
365 1914 453 1962 ego
478 1899 715 1946 honorem
740 1916 873 1948 nunc
894 1901 962 1946 illi
986 1900 1153 1947 habeo.

372 1990 416 2023 M
451 1992 470 2024 1
507 1991 537 2024 1.
577 1993 605 2026 P
642 1992 677 2025 Η
716 1993 737 2024 1
773 1993 808 2024 D
844 1993 865 2025 1
899 1993 928 2025 P
965 1993 993 2025 P
1030 1992 1083 2025 A.

706 2052 841 2110 Scio,
871 2064 918 2098 et
947 2054 1065 2098 istuc
1093 2052 1161 2097 illi
1192 2051 1360 2098 dicam.

404 2143 434 2177 P
470 2145 504 2177 A
540 2145 571 2178 L
611 2145 645 2178 A
682 2145 712 2178 Ε
750 2145 772 2177 s
809 2145 840 2177 T
876 2145 909 2178 R
943 2145 965 2177 1
1003 2145 1050 2177 o.

88 2197 266 2245 Contra
292 2217 404 2248 auro
430 2205 504 2248 alii
521 2205 641 2251 hanc
656 2205 863 2252 vendere
879 2205 1040 2267 potuit
1056 2221 1263 2266 operam.

378 2278 1083 2342 MILP‘HIDIPPA.

836 2369 962 2414 Istuc
983 2369 1070 2429 pol
1096 2366 1183 2413 tibi
1210 2363 1363 2412 credo.
