1618 2866
263 211 354 268 178
528 210 1261 263 MENAECHMEI.
1395 218 1540 276 v.78

257 319 362 366 Eho
380 318 610 367 Messenio
624 353 637 376 ‚
662 318 831 366 accede
854 321 964 367 huc.

640 417 747 468 ΜΕ
784 418 807 451 3
847 417 869 450 3
904 418 936 450 Ε
970 418 1005 452 Ν
1038 419 1062 452 1
1098 419 1147 454 o.

808 486 946 556 Quid
974 489 1140 552 negoti
1155 488 1241 536 ’sti’

549 581 594 615 M
628 583 659 616 E
694 583 728 617 N
764 583 801 617 A
833 585 864 617 E
902 586 928 618 C
964 585 999 619 H
1037 585 1079 619 M
1120 584 1154 618 U
1193 585 1232 620 S.

1187 647 1266 695 St!
1297 648 1410 696 scire
1437 647 1542 699 vis?

373 775 413 787 ..
638 735 685 769 Μ
718 736 748 769 Ε
788 735 810 768 3
847 736 869 770 3
906 737 936 770 Ε
973 738 1007 771 Ν
1045 739 1065 771 1
1104 718 1169 773 o(

257 795 396 867 Quid
426 795 574 860 ergo?

550 888 593 920 M
629 886 659 920 E
698 888 732 920 N
767 886 805 921 A·
836 887 867 921 E
902 889 930 921 C
966 889 1001 922 H
1037 889 1081 923 M
1116 889 1154 922 U
1189 888 1227 924 S.

480 955 680 1017 Opu’st.

643 1047 691 1080 M
725 1046 755 1079 Ε
793 1046 815 1080 3
851 1046 873 1081 3
910 1045 940 1079 Ε
977 1047 1013 1080 N
1046 1047 1068 1080 1
1103 1048 1152 1082 o.

610 1116 750 1186 Quid
779 1132 880 1178 opu
892 1116 978 1161 ’sti’

549 1215 594 1250 Μ
627 1215 658 1249 Ε
694 1216 728 1248 Ν
763 1214 799 1247 A
834 1215 864 1247 Ε
906 1215 932 1247 c
970 1214 1005 1247 H
1041 1215 1084 1247 M
1121 1215 1157 1247 U
1192 1216 1233 1250 3.

769 1281 904 1340 Scio,
932 1293 989 1328 ut
1017 1298 1097 1328 me
1128 1282 1265 1330 dices.

637 1379 683 1412 M
717 1379 747 1411 E
784 1379 807 1412 s
846 1378 868 1411 s
904 1379 934 1411 Ε
970 1381 1004 1412 Ν
1038 1380 1061 1412 1
1096 1381 1145 1414 o.

1052 1441 1212 1488 Tanto
1242 1443 1447 1505 nequior
1477 1460 1539 1494 es.

556 1536 600 1569 M
634 1536 663 1568 Ε
702 1535 736 1568 Ν
773 1534 808 1568 A
843 1535 874 1568 E
912 1535 938 1568 c
972 1534 1009 1568 Η
1045 1535 1088 1568 Μ
1124 1537 1160 1569 U
1196 1538 1233 1571 s.

257 1611 429 1659 Habeo
450 1605 702 1670 praedam:
730 1614 921 1650 tanturn
948 1604 1105 1667 incepi
1128 1607 1291 1668 operis.
1318 1609 1361 1666 i,
1384 1624 1537 1670 quan-

515 1691 624 1726 tum
656 1688 838 1740 potest:

255 1756 431 1804 Abduc
456 1755 563 1799 istos
589 1753 640 1797 in
667 1750 911 1796 tabernam
937 1761 1156 1798 actutum
1185 1752 1499 1801 diversoriam.

255 1830 388 1875 Tum
417 1827 557 1873 facito
599 1835 708 1869 ante
740 1822 846 1868 solis
885 1838 1132 1882 occasum,
1175 1836 1232 1871 ut
1259 1827 1415 1874 venias
1449 1825 1534 1874 ad-

508 1912 702 1944 vorsum
730 1894 862 1940 mihi.

639 1998 683 2031 M
718 1997 746 2029 Ε
786 1997 808 2030 3
848 1996 870 2030 3
907 1996 937 2029 Ε
975 1998 1009 2031 N
1044 1998 1066 2030 1
1102 1997 1151 2031 o.

256 2068 370 2117 Non
403 2078 460 2114 tu
485 2067 587 2112 istas
617 2065 881 2110 meretrices
914 2065 1113 2123 novisti,
1150 2064 1293 2110 here?

552 2162 597 2195 M
630 2161 660 2194 Ε
696 2162 729 2194 N
765 2163 800 2196 A
835 2162 866 2195 Ε
906 2163 932 2195 c
968 2163 1002 2195 H
1037 2162 1080 2195 Μ
1116 2162 1150 2194 U
1187 2163 1224 2196 3.

1144 2223 1270 2270 Tace
1283 2258 1296 2280 ‚
1315 2224 1530 2284 inquam.

253 2299 375 2345 Mihi
403 2295 610 2353 dolebit,
638 2310 738 2340 non
757 2294 867 2351 tibi,
889 2295 925 2340 si
945 2294 1067 2355 quid
1088 2311 1174 2359 ego
1193 2296 1334 2342 stulte
1355 2294 1525 2341 fecero.

255 2370 428 2419 Mulier
466 2370 581 2415 haec
617 2369 758 2413 stulta
800 2377 946 2427 atque
984 2367 1146 2417 inscita
1163 2370 1249 2431 ’st‚
1291 2377 1528 2432 quantum

504 2441 719 2505 perspexi
747 2439 911 2487 modo.
