1618 2866
484 55 507 64 ο

218 212 346 258 ,592μ
444 195 1237 248 MOSTELLARIA.
1368 213 1502 261 v.34

740 313 764 347 s
800 314 820 345 1
856 314 899 347 M
935 314 982 347 ο.

1061 366 1215 436 Quod
1239 369 1356 415 solet
1384 370 1499 416 fieri.

671 450 703 483 'r
740 453 773 486 R
809 451 843 485 A
878 454 912 486 N
949 453 969 486 1
1006 454 1052 486 o.

218 512 310 560 Dic
339 512 507 577 igitur,
534 510 672 572 quod
706 512 824 557 solet
852 512 951 558 fieri
968 547 982 570 ‚
1002 513 1135 574 vquid
1166 512 1217 559 id
1240 513 1340 560 est?

738 605 759 638 s
796 607 815 638 1
854 608 895 640 M
935 607 984 639 o.

220 667 373 738 Quod
396 667 541 713 facitis
558 684 656 713 vos.
677 667 757 713 sed
771 702 784 724 ,
802 678 857 713 ut
872 684 1061 726 verum,
1082 670 1284 727 Tranio,
1304 670 1499 730 loquat,

220 740 296 787 Sic
323 741 472 787 decet.
502 751 557 786 ut
585 741 802 786 homines
828 753 966 798 sunt,
995 742 1058 786 ita
1086 759 1270 789 morem
1294 759 1431 807 geras,

220 812 331 860 Vita
365 830 511 875 quam
537 813 595 859 sit
625 813 807 870 brevis,
840 813 981 859 simul
1010 815 1174 879 cogita.

675 906 705 939 T
742 909 774 941 R
810 907 844 939 A
880 907 912 940 N
948 907 968 939 1
1009 907 1058 940 o.

222 967 392 1036 Quid?
431 969 600 1036 eherp,
636 969 719 1014 vix
751 968 947 1015 tandem

221 1040 411 1104 Percepi
446 1059 584 1104 super
615 1042 683 1087 his
711 1042 851 1088 rebus
879 1043 1049 1088 nostris
1084 1053 1132 1088 te
1160 1043 1312 1103 loqui.

744 1144 765 1178 s
801 1145 822 1177 1
858 1144 901 1176 M
939 1144 989 1178 o.

223 1201 404 1248 Musice
419 1237 431 1258 ,
455 1203 638 1260 hercle,
667 1203 796 1266 agitis
823 1213 1051 1259 aetatem,
1081 1203 1144 1249 ita
1164 1213 1219 1248 ut
1241 1220 1324 1249 vos
1342 1202 1501 1250 decet:

222 1271 352 1319 Vino
386 1285 433 1319 et
465 1276 597 1320 victu
617 1310 630 1333 ,
661 1277 842 1338 piscatu
867 1276 1023 1337 probo
1043 1311 1058 1334 ‚
1094 1276 1291 1333 electili,

223 1344 386 1392 Vitam
417 1348 579 1393 colitis.
1284 1349 1287 1352 ’
1353 1344 1357 1349 ’

676 1426 707 1458 Τ
743 1427 776 1459 R
812 1426 846 1458 A
883 1427 915 1459 N
954 1427 975 1459 1
1013 1427 1059 1459 o.

617 1484 777 1529 Immo
809 1486 905 1530 vita
939 1486 1135 1530 antehac
1165 1497 1287 1530 erat:

226 1551 370 1600 Nunc
403 1555 542 1602 nobis
580 1556 742 1602 omnia
773 1557 887 1602 haec
921 1557 1212 1603 exciderunt.

763 1656 786 1690 s
825 1657 844 1689 1
881 1657 923 1690 M
960 1657 1006 1690 o.

233 1705 456 1774 Quidum
475 1708 496 1753 Ρ

227 1783 233 1791 ·
687 1787 717 1819 Τ
754 1788 787 1820 R
822 1787 855 1820 A
890 1787 923 1819 N
958 1786 978 1818 1
1016 1787 1062 1819 o.

506 1848 577 1892 Ita
605 1847 787 1908 oppido
818 1847 1076 1894 occidimus
1104 1862 1298 1904 ornnes,
1329 1846 1474 1894 Simo.

750 1948 771 1981 S
811 1947 830 1978 1
867 1949 909 1980 M
947 1947 994 1980 Ο.

230 2004 344 2050 Νοη
373 2006 525 2051 taces?
559 2021 779 2068 prospere
807 2005 943 2051 vobis
976 2016 1146 2052 cuncta
1175 2022 1327 2067 usque
1354 2005 1525 2053 adhuc¹

230 2079 569 2144 Processerunt.

689 2157 720 2190 T
756 2159 789 2191 R
824 2156 858 2190 A
892 2158 925 2190 N
961 2158 981 2189 I
1017 2158 1064 2190 O.

604 2221 700 2277 Ita,
729 2230 784 2266 ut
816 2219 957 2276 dicis,
995 2217 1114 2264 facta
1146 2218 1276 2264 haud
1307 2235 1444 2284 nego.

234 2291 332 2337 Nos
358 2291 573 2352 profecto
601 2293 752 2354 probe
769 2327 782 2350 ‚
811 2303 867 2338 ut
894 2291 1168 2356 voluimus„
1196 2291 1420 2338 viximus:

235 2363 330 2411 Sed
349 2400 362 2421 ‚
397 2365 527 2411 Simo
548 2400 561 2423 ,
595 2365 658 2411 ita
686 2381 818 2411 nunc
843 2375 1012 2412 ventus
1041 2380 1212 2411 navem

236 2439 466 2487 Deseruit.
