1618 2866
248 191 304 242 1‘8
594 190 1163 241 CUR'CULIO.
1387 194 1518 250 v.67

242 302 345 348 Nec
374 318 479 349 mea
505 302 646 366 gratia
680 311 974 348 conmovent
995 316 1045 347 se
1065 299 1211 347 ocius,

241 374 459 437 Respicio
478 409 492 434 ,
516 375 651 421 nihili
681 389 841 421 meam
866 388 952 422 vos
980 372 1174 439 gratiam
1201 372 1363 422 facere.

242 446 340 494 Sed
366 457 499 506 tace,
529 457 643 494 tace.

588 539 618 573 P
656 540 691 573 A
728 538 759 573 Ῑ,
793 539 816 572 1
850 539 884 572 Ν
920 537 956 571 U
990 539 1024 573 n
1059 537 1096 572 U
1132 537 1172 574 s.

598 606 757 654 Taceo
781 607 951 653 hercle.
983 607 1105 668 quid
1131 607 1236 655 est?

549 703 579 737 1²
614 702 650 735 H
684 701 720 735 A
752 701 783 736 Ε
819 702 855 735 D
893 704 928 738 R
961 702 995 737 ο
1027 703 1071 736 Μ
1107 703 1142 735 U
1179 703 1217 736 s.

1090 772 1276 820 ‘Sentio
1302 774 1524 821 sonitum

240 845 464 893 Tandem
498 845 672 908 edepol
695 846 815 893 mihi
841 845 1063 911 morigeri
1085 846 1257 908 pessuli
1289 846 1424 893 fiunt.

536 945 964 1021 'SCENA
1050 972 1208 1020 111.

248 1113 467 1154 LENA.
507 1113 969 1153 PLANESIUM»
1008 1113 1522 1154 PHAAEDROMUS.

638 1199 1125 1238 PALINURUS.

757 1330 1010 1366 LENA.

240 1383 489 1497 PLACI
506 1458 584 1493 DE
620 1443 866 1510 egredere,
895 1455 944 1491 et
977 1444 1190 1494 sonitum
1219 1448 1424 1509 prohibe
1453 1449 1528 1496 fo-

495 1521 648 1577 rium,
677 1530 726 1564 et
751 1519 988 1581 crepitum
1013 1520 1266 1567 'cardinum
1286 1540 1297 1566 :
1483 1576 1486 1578 v

242 1592 317 1640 Ne
341 1592 479 1656 quod
499 1591 577 1639 hic
603 1593 809 1657 agimuS,
841 1595 980 1641 herus
1004 1594 1234 1657 percipiat
1260 1595 1359 1642 fieri
1374 1629 1389 1654 ,
1420 1613 1526 1644 mea

500 1667 785 1713 Planesium„

238 1741 386 1789 Mane
401 1776 415 1800 ,
432 1738 703 1789 suffundam
723 1742 966 1802 aquiliam.

597 1830 1174 1871 PALINURUS.

468 1910 640 1959 Viden’
658 1922 712 1959 ut
730 1927 846 1960 anus
863 1915 1066 1961 tremula
1082 1913 1369 1961 medicinam
1387 1912 1509 1961 facit.

238 1984 390 2048 Eapse
433 1996 646 2038 merum,
673 1984 935 2033 condidicit
973 1985 1138 2034 bibere
1156 2020 1171 2045 ,
1218 1985 1398 2033 foribus
1442 1985 1524 2033 dat

494 2074 671 2120 aquam
697 2074 846 2120 quam
871 2059 1052 2106 bibant.

595 2152 624 2185 P
660 2151 691 2185 L
727 2151 762 2185 A
797 2151 832 2184 N
866 2151 896 2185 E
933 2151 955 2185 S
991 2152 1012 2184 Ι
1049 2152 1084 2186 U
1119 2151 1176 2186 M.

241 2211 338 2262 Ubi
355 2224 411 2261 tu
435 2230 479 2261 es
494 2248 508 2272 ,
542 2215 629 2275 qui
657 2231 738 2261 me
768 2214 1058 2262 convadatus
1078 2213 1289 2261 Veneriis
1300 2213 1522 2262 vadimo-

493 2287 582 2334 niis
598 2288 619 2333 Ξ)

191 2383 193 2385 ·
242 2358 338 2409 Ubi
354 2371 410 2410 tu
429 2378 474 2411 es
490 2396 505 2422 ,
525 2362 611 2424 qui
634 2378 713 2410 me
735 2359 900 2410 libello
919 2361 1128 2411 Venerio
1152 2361 1348 2411 citavisti
1360 2361 1389 2408 Ρ·
1413 2374 1521 2410 ecce

493 2451 589 2486 me.
