1618 2866
236 154 332 215 435
460 150 714 198 MILES
769 152 1274 204 GLoRrosUs.
1396 172 1528 220 ως

234 234 446 307 Abierirn
461 296 476 320 ,
502 263 696 323 cupiens
726 263 855 308 istius
877 280 1063 311 summe
1086 268 1381 329 nuptiarum.

546 353 574 386 P
615 355 649 387 A
685 355 717 389 L
754 355 787 387 A
825 355 855 387 E
895 355 917 389 S
955 357 987 390 T
1023 359 1057 392 R
1091 359 1114 391 1
1151 358 1203 392 Ο.

1251 412 1434 460 Ordine
1460 415 1519 459 is:

234 478 333 523 Nisi
357 477 508 524 modo
534 494 692 524 unum
714 480 835 525 hoc:
868 479 1002 526 hasce
1032 497 1125 527 esse
1151 481 1276 529 aedis
1298 484 1419 531 dicas
1437 485 1525 532 do-

501 552 602 597 talis
626 563 753 598 tuas.

232 622 361 669 Hinc
388 640 550 670 senem
580 624 659 669 abs
683 636 731 670 te
764 625 925 672 abiisse
945 640 1245 717 ‚postquam
1275 628 1434 675 feceris
1453 628 1526 677 di·-

493 697 729 743 vortium:

232 769 306 815 Ne
326 770 405 815 ille
422 786 540 815 mox
557 783 772 817 vereatur
792 773 987 819 introire
1013 774 1065 819 in
1085 774 1288 820 alienam
1305 774 1525 822 domum.

445 866 1320 904 ACROTELEUTIUM.

230 926 361 973 Bene
391 944 572 973 mones.

554 1002 1201 1047 PALAESTRI'O.

461 1073 556 1120 Sed
582 1073 666 1119 ubi
688 1073 766 1118 ille
785 1073 948 1119 exierit
976 1074 1131 1131 intus,
1158 1072 1259 1120 istic
1284 1082 1333 1118 te
1355 1075 1525 1153 procul

234 1149 306 1195 Ita
328 1149 442 1195 volo
471 1146 761 1203 assimulare,
787 1162 898 1206 prae
923 1145 1046 1191 illius
1071 1145 1223 1192 forma
1250 1145 1383 1207 quasi
1401 1161 1526 1232 sper-

314 1222 321 1233 '
492 1237 573 1265 nas
604 1231 738 1264 tuam
754 1252 768 1275 ‚

234 1294 483 1362 Quasique
509 1293 606 1355 ejus
626 1290 995 1351 opulentitatem
1011 1291 1282 1349 reverearis,
1307 1301 1354 1337 et
1384 1291 1524 1353 smrul

235 1365 458 1413 Formam
491 1363 786 1415 amoenitatis
820 1362 944 1408 illius
964 1397 980 1421 ,
1013 1363 1183 1410 faciem
1206 1398 1221 1422 ,
1254 1363 1523 1426 pulchritu-

496 1437 661 1482 dinem

234 1510 548 1557 Conlaudato.
573 1509 703 1555 satin’
732 1517 1040 1570 praeceptum
1053 1505 1136 1549 ’.st
1126 1504 1148 1537 Ρ

453 1597 1320 1639 ACROTELEUTIUM.

886 1659 1068 1704 Teneo.
1100 1658 1229 1702 satin’
1252 1669 1344 1714 est,
1367 1658 1402 1703 si
1431 1659 1521 1709 tibi

235 1735 405 1784 Meum
437 1751 557 1796 opus
586 1735 650 1780 ita
682 1733 810 1779 dabo
838 1732 1139 1794 expolitum,
1181 1741 1238 1777 ut
1268 1730 1518 1792 inprobare

489 1822 592 1852 non
623 1806 802 1866 queas?

541 1898 1200 1934 PALAESTRIO„

237 1961 315 2011 Sat
330 1963 495 2009 habeo.
521 1977 653 2008 nunc
676 1961 766 2007 tibi
788 1960 989 2006 vicissim
1008 1977 1131 2022 quae
1149 1959 1409 2021 imperabo.

590 2055 619 2087 P
659 2054 690 2087 1.
723 2053 754 2087 Ε
793 2053 829 2086 U
867 2053 890 2086 s
924 2053 946 2086 1
981 2054 1017 2087 D
1052 2053 1083 2086 Ε
1121 2053 1162 2087 s.

1341 2105 1520 2152 Dicito.

541 2183 1190 2222 PALAESTRIO.

236 2248 401 2316 Quam
426 2246 671 2306 externplo
696 2245 788 2291 hoc
815 2244 901 2290 erit
922 2243 1129 2301 factum,
1147 2243 1235 2289 ubi
1257 2243 1382 2289 intro
1400 2243 1515 2290 haec

433 2327 437 2331 ’
495 2319 688 2375 abierit,
722 2330 777 2363 tu
806 2317 933 2363 illico
1408 2312 1413 2316 ’

233 2394 393 2441 Facito
418 2404 473 2440 ut
498 2393 654 2441 venias
685 2402 875 2438 ornatus
902 2391 997 2438 huc
1025 2401 1194 2438 ornatu
1218 2387 1514 2444 nauclerico,
