1618 2866
239 185 303 233 26
592 176 1164 227 CURCULIO.
1388 190 1512 227 mn

238 291 335 340 Sed
361 289 482 353 quid
511 288 602 335 tibi
626 287 727 334 est?

615 392 643 424 c
680 390 715 423 A
750 390 779 423 P
821 389 851 423 P
887 387 922 422 A
955 389 991 421 D
1027 387 1060 421 o
1094 386 1147 422 x.

834 468 954 514 Lien
975 477 1114 513 necat
1130 500 1144 524 ‚
1165 481 1298 513 renes
1327 465 1521 525 dolent,

239 547 497 592 Pulmones
525 543 848 589 distrahuntur
866 576 879 599 ,
909 541 1142 588 cruciatur
1161 541 1326 605 jecur,

240 618 434 666 Radices
460 615 611 663 cordis
639 625 871 677 pereunt,
900 613 1027 660 hirae
1061 628 1225 659 omnes
1257 608 1439 658 dolent.

598 712 627 745 P
666 712 701 746 A
738 711 768 744 L
802 711 823 744 I
858 711 893 745 N
929 711 965 744 U
1000 713 1035 745 R
1070 712 1104 744 U
1145 711 1182 746 S.

243 791 375 838 Tum
401 800 448 835 te
471 789 613 854 igitur
644 786 841 833 morbus
869 787 1010 851 agitat
1039 774 1320 849 hepatarius.,

618 890 644 921 C
680 887 715 920 A
751 888 780 922 P
820 887 849 921 P
888 886 923 920 A
957 887 993 920 D
1029 885 1061 919 O
1099 886 1151 920 X.

243 968 396 1015 Facile
421 968 475 1013 ’st
502 967 728 1013 miserum
756 965 973 1012 inridere.

598 1066 628 1100 P
665 1065 701 1100 A
736 1066 768 1099 L
803 1067 826 1100 1
860 1067 895 1105 N
934 1066 970 1099 U
1005 1067 1038 1099 R
1073 1065 1109 1098 U
1146 1065 1186 1099 S.

966 1143 1104 1214 Quin
1134 1154 1192 1189 tu
1217 1141 1403 1202 aliquot
1431 1139 1531 1187 dies

248 1215 479 1274 Perdura,
507 1215 628 1262 dum
662 1216 883 1264 intestina
909 1224 1227 1280 exputescunt
1246 1213 1349 1260 tibi.

248 1290 393 1336 Nunc
421 1289 540 1334 dum
572 1290 739 1335 salsura
761 1301 828 1335 sat
861 1291 985 1336 bona
1011 1290 1091 1346 ’,st
1112 1289 1149 1334 si
1169 1287 1220 1334 id
1243 1285 1433 1344 feceri53

251 1365 452 1412 Vaenire
484 1364 659 1425 poteris
691 1363 921 1410 intestinis
950 1363 1101 1409 vilius.

623 1468 650 1500 c
687 1468 720 1500 A
756 1467 786 1501 P
822 1467 851 1501 P
890 1465 926 1500 A
960 1467 996 1500 D
1032 1467 1064 1500 o
1101 1465 1152 1501 x.

254 1536 375 1583 Lien
404 1536 614 1586 dierectu
640 1540 708 1585 ’st.

605 1640 635 1673 P
674 1638 709 1672 A
742 1640 772 1672 L
809 1639 830 1672 1
866 1640 901 1673 Ν
937 1639 973 1671 U
1010 1639 1044 1672 R
1079 1638 1115 1672 u
1150 1638 1189 1673 s.

706 1712 915 1760 Ambula
930 1748 942 1771 ‚
968 1713 1017 1759 id
1038 1713 1152 1759 lieni
1182 1722 1443 1775 optumum
1463 1713 1532 1760 ’st.

625 1793 652 1844 'c
689 1812 723 1845 A
758 1813 786 1845 P
826 1811 854 1844 P
892 1811 926 1843 A
962 1811 998 1842 D
1037 1810 1069 1842 o
1107 1809 1158 1843 x.

259 1886 406 1934 Aufer
431 1888 568 1934 istaec
584 1922 598 1944 ‚
627 1904 830 1948 quaeso,
857 1898 1001 1948 atque
1024 1887 1117 1933 hoc
1138 1886 1371 1949 responde
1397 1881 1535 1947 quod

511 1977 641 2025 rogo.

260 2035 413 2081 Potin'
449 2030 770 2098 conjecturam
804 2034 981 2090 facere,
1013 2033 1049 2078 si
1076 2049 1260 2079 narrem
1288 2031 1406 2089 tibi,

263 2109 365 2156 Hac
391 2119 533 2156 nocte
557 2109 694 2171 quod
721 2126 810 2173 ego
833 2107 1062 2154 somniavi
1091 2105 1369 2152 dormiens?

612 2208 1191 2246 PALINURUS.

266 2285 401 2333 Vah!
434 2288 557 2333 solus
586 2287 664 2332 hic
689 2287 870 2333 homo’
874 2297 943 2344 st,
974 2285 1059 2347 qui
1081 2284 1193 2331 sciat
1217 2283 1455 2330 divinitus.

266 2359 402 2429 Quin
438 2360 736 2424 Conjectores
759 2378 785 2407 a
806 2376 885 2406 me
913 2359 1161 2405 consilium
1191 2367 1418 2419 petuntz·

269 2432 422 2502 Quod
451 2433 512 2478 eis
539 2431 793 2494 respondi,
826 2447 879 2477 ea
911 2446 1075 2476 omnes
1102 2439 1225 2475 stant
1251 2424 1493 2474 sententia.
