1618 2866
237 198 330 242 aq
491 181 1222 232 MENAECHMEL
1415 201 1504 236 w1

607 350 977 399 SCENA
1051 354 1162 400 IV.

414 490 783 530 SENEX,
854 452 1339 535 MEDICIUS..

723 585 1029 660 sENEJr.

244 676 502 790 LUMBI
536 738 748 785 sedendo
768 775 782 797 ‚
811 741 938 787 oculi
969 742 1223 802 spectando
1259 742 1453 801 dolent,

247 813 490 860 Manendo
515 814 756 859 medicum
771 849 784 870 ‚
817 815 935 860 dum
965 832 1010 860 se
1038 832 1098 861 ex
1122 833 1265 877 opere
1288 817 1489 878 recipiat.

247 886 455 931 Odiosus
487 887 683 931 tandem
708 887 787 933 vix
809 887 867 932 ab
898 889 1092 951 aegrotis
1119 890 1263 934 venit.

248 958 330 1004 Ait
361 976 407 1004 se
431 959 653 1022 obligasse
686 976 786 1005 crus
821 960 1350 1023 fractumAesculapio,

249 1029 462 1091 Apollini
495 1042 655 1077 autern
682 1032 943 1078 brachium.
979 1049 1108 1080 nunc
1138 1034 1294 1097 cogito
1312 1069 1325 1091 ,

251 1104 426 1150 Utrum
449 1121 528 1150 me
551 1104 705 1151 dicam
729 1105 901 1151 ducere
923 1106 1164 1152 medicum
1181 1141 1196 1162 ,
1227 1122 1287 1152 an
1322 1105 1525 1153 fabrum.

256 1177 417 1239 Atque
452 1194 618 1224 eccum
647 1179 853 1237 incedit,
893 1191 1058 1227 movet
1093 1179 1398 1227 formicinum
1429 1198 1528 1246 gra-

509 1253 640 1299 dum.
1425 1248 1436 1261 ⁵
1504 1268 1506 1270 “

666 1346 1112 1381 MEDICUS.

258 1412 397 1480 Quid
428 1424 541 1459 esset
568 1415 635 1459 illi
664 1415 845 1470 morbi,
877 1415 1085 1460 dixeras?
1115 1432 1245 1462 narra
1275 1431 1431 1462 senex.

258 1484 392 1530 Num
419 1485 643 1541 larvatus,
667 1495 753 1546 ‚3³¹st
778 1485 1001 1532 cerritus?
1026 1485 1097 1531 fac
1124 1487 1277 1533 sciam.

258 1556 392 1603 Num
418 1575 530 1604 eum
555 1564 773 1605 veternus
791 1593 804 1615 ,
835 1571 917 1604 aut
950 1576 1072 1620 aqua
1098 1560 1302 1604 intercus
1334 1558 1499 1604 tenet?

745 1658 769 1691 s
803 1659 832 1691 Ε
868 1659 901 1691 N
937 1658 966 1691 E
1003 1659 1052 1691 x.

261 1718 400 1786 Quin
434 1734 486 1763 ea
512 1729 559 1763 te
587 1735 739 1765 caussa
765 1719 916 1776 duco,
947 1733 1001 1765 ut
1021 1719 1071 1765 id
1102 1718 1223 1782 dicas
1252 1718 1402 1777 mihi,

264 1793 427 1852 Atque
453 1792 592 1838 illurn
625 1806 680 1839 ut
712 1811 878 1840 sanum
909 1794 1055 1840 facias.

675 1889 719 1921 M
755 1890 784 1922 E
819 1891 855 1922 D
890 1889 908 1920 1
946 1889 972 1920 c
1008 1888 1043 1920 U
1081 1888 1117 1921 s.

873 1949 1092 1996 Perfacile
1117 1947 1167 1993 id
1196 1947 1394 2009 quidem
1425 1960 1504 1996 est.

266 2022 448 2071 Sanum
475 2024 720 2083 futurum,
743 2041 849 2070 mea
878 2041 964 2089 ego
993 2024 1040 2069 id
1074 2024 1302 2085 promitto
1338 2022 1446 2070 fide.

752 2124 773 2157 s
812 2125 840 2156 E
877 2124 909 2157 N
947 2125 976 2158 Ε
1010 2124 1059 2156 x.

268 2184 441 2251 Magna
466 2200 578 2231 cum
599 2201 712 2232 »cura
740 2200 826 2248 ego
853 2183 989 2229 illum
1019 2183 1164 2229 curari
1196 2184 1324 2230 volo.

671 2279 1120 2315 MEDICUS.

268 2350 407 2419 Quin
437 2350 674 2411 suspirabo
702 2351 808 2411 plus
833 2350 1086 2396 sexcenties
1111 2350 1161 2394 in
1195 2349 1291 2394 die:

270 2423 344 2470 Ita
377 2440 464 2488 ego
494 2423 632 2470 illum
655 2439 767 2470 cum
791 2439 900 2471 cura
927 2439 1096 2487 magna
1123 2422 1297 2470 curabo
1332 2419 1431 2466 tibi.
