1618 2866
224 185 323 234 504
449 167 1246 220 Mos‘rELLAnrA.
1376 190 1513 237 ης

681 292 1068 328 ΤΒΑΝῘΟ.

222 352 382 402 Scelus
398 388 412 412 ‚
442 354 670 414 inquam,
699 352 881 400 factum
894 354 949 401 ’st
971 353 1161 419 jamdiu
1186 355 1438 417 antiquom
1459 365 1507 402 et

475 437 626 473 vetus-

223 499 495 562 Antiquom
517 500 569 547 id
595 498 716 545 adeo
745 514 831 546 nos
856 515 987 547 nunc
1014 500 1195 548 facturn
1223 501 1506 549 invenimus.

518 597 1237 632 THEUROPIDES.

227 660 369 730 Quid
389 660 509 708 istuc
528 672 595 708 est
610 697 624 719 ,
650 660 874 708 sceleste?
908 671 991 706 aut
1020 660 1125 721 quis
1142 660 1195 706 id
1214 659 1357 706 fecit?
1376 659 1523 708 cedo.·

681 761 714 793 T
750 763 782 795 R
819 760 854 794 A
890 762 924 794 N
964 761 984 794 I
1025 761 1074 794 Ο.

225 815 412 882 Hospes
441 820 629 868 necavit
650 821 889 883 hospitem
922 832 1117 883 captum
1148 838 1321 872 manu:

225 892 350 952 Iste,
378 906 434 940 ut
461 911 549 959 ego
581 894 778 956 opinor,
806 895 892 957 qui
917 895 996 940 has
1022 895 1112 941 tibi
1129 894 1254 941 aedis
1277 891 1510 942 vendidit.

521 978 1238 1031 1³·HEUROP1DES.

227 1046 460 1097 Necavit?

687 1127 720 1161 Τ
755 1129 789 1162 R
825 1127 859 1160 Α
894 1129 928 1161 N
966 1127 987 1160 1
1023 1127 1071 1160 o.

478 1187 668 1235 Aurum
692 1189 751 1235 eii
775 1188 951 1234 ademit
981 1187 1157 1249 hospiti
1172 1215 1187 1244 9

229 1261 459 1322 Eumque
475 1261 552 1308 hic
578 1261 763 1308 defodit
785 1261 1023 1324 hospitem
1039 1260 1222 1308 ibidem
1239 1259 1290 1305 in
1306 1258 1515 1306 aedibus.

525 1357 1253 1392 THEUROPIDES.

231 1421 541 1492 Quapropter
568 1418 620 1465 id
642 1435 725 1485 vos
748 1417 927 1464 factum
953 1418 1253 1478 suspicamini
1267 1418 1290 1464 ?

686 1519 718 1553 T
754 1520 789 1553 R
823 1517 858 1551 A
894 1519 926 1551 N
966 1518 986 1550 1
1025 1517 1075 1551 o.

228 1581 334 1646 'Ego
365 1581 519 1629 dicam
534 1616 549 1639 ,
575 1580 797 1627 ausculta.
829 1590 884 1625 ut
911 1577 1020 1625 foris
1046 1589 1322 1625 coenaverat

232 1656 367 1703 Tuus
381 1668 583 1719 gnatus,
611 1651 870 1716 postquam
898 1653 1038 1699 rediit
1064 1669 1090 1698 a
1116 1667 1265 1698 coena
1288 1651 1518 1710 domum,

230 1728 436 1775 Abimus
467 1743 633 1774 omnes
660 1727 907 1783 cubitum,
939 1724 1372 1772 condormivimus:

231 1801 501 1849 Lucernam
529 1802 651 1847 forte
676 1800 853 1846 oblitus
885 1799 1065 1845 fueram
1099 1797 1422 1861 exstinguere;

232 1872 396 1935 Atque
422 1873 502 1918 ille
537 1873 767 1917 exclamat
793 1871 1049 1932 derepente
1076 1885 1373 1914 maxumum.

529 1961 1243 2000 THEUR0P1DES.

233 2030 357 2104 Quis
382 2028 568 2078 homo?
592 2043 653 2075 an
684 2037 851 2092 gnatus
877 2023 1046 2070 meus?

690 2126 723 2160 Τ
757 2127 793 2160 R
827 2125 862 2158 Α
897 2126 931 2158 Ν
966 2123 985 2156 1
1026 2123 1075 2155 o.

847 2182 926 2240 St,
955 2194 1082 2229 tace:
1116 2181 1324 2227 ausculta
1348 2179 1517 2227 modo.

236 2264 319 2315 Ait
343 2263 523 2311 venisse
551 2261 692 2308 illurn
723 2261 775 2306 in
807 2257 980 2305 somnis
1007 2255 1068 2302 ad
1094 2271 1140 2300 se
1174 2265 1438 2302 mortuum.

530 2349 1246 2392 THEUROPIDES.

207 2423 421 2486 .Nempe
450 2435 561 2486 ergo
595 2418 647 2465 in
676 2414 891 2464 somnis?
