1618 2866
197 196 288 243 342
441 176 703 224 MILES
750 175 1248 226 GLORIOSUS.
1360 194 1488 242 v.34

198 286 528 333 Peraudienda
556 298 670 332 sunt
687 321 700 344 ,
728 302 791 332 ne
825 286 990 334 dentes
1020 287 1262 336 dentiant:

198 360 261 407 Et
289 360 622 407 assentandum
646 361 700 406 'st
716 395 730 418 ‚
764 360 1008 422 quidquid
1031 361 1110 407 hic
1137 362 1435 415 mentibitur.

394 453 1298 491 PYRGOPOLINICES.

196 516 336 587 Quid
358 517 508 575 illud,
535 518 675 578 quod
700 518 842 565 dico?

505 606 539 639 A
576 608 609 640 R
647 607 678 639 T
719 607 750 639 O
792 607 822 639 T
860 608 892 640 R
930 608 961 640 O
1004 606 1035 639 G
1076 606 1111 638 U
1150 607 1190 640 S·

631 668 787 726 Hem,
814 670 907 715 scio
934 670 1066 733 jam,
1093 667 1214 729 quid
1236 667 1305 714 vis
1326 667 1495 715 dicere.

197 739 427 786 Factum’
431 750 471 786 st
496 741 675 786 hercle.
711 740 915 786 memini
941 740 1054 786 fieri.

396 827 1315 862 PYRGOPOLINICES.

920 887 1059 958 Quid
1082 888 1134 934 id
1157 888 1260 935 est?

517 975 552 1008 A
588 976 622 1009 R
658 975 690 1008 T
728 975 759 1008 O
798 975 830 1008 T
871 974 906 1008 R
943 974 976 1007 Ο
1019 973 1051 1007 G
1089 974 1124 1007 U
1162 974 1200 1008 S.

1134 1034 1395 1105 Quidquid
1420 1044 1502 1080 est.

399 1120 1320 1156 PYRGOPOLINICES.

205 1184 363 1232 Habes
384 1184 578 1231 tabellas
597 1183 618 1229 Ρ

513 1269 549 1302 Α
585 1271 617 1302 R
654 1268 685 1301 T
727 1268 758 1300 Ο
801 1268 832 1300 Τ
868 1268 901 1300 R
940 1267 971 1300 Ο
1014 1267 1046 1300 G
1085 1266 1122 1300 U
1159 1266 1197 1302 S.

605 1329 688 1375 Vis
711 1329 908 1391 rogare?
942 1330 1096 1374 habeo
1126 1339 1174 1376 et
1196 1329 1372 1375 stilum.

405 1414 1322 1468 PJYRGOPOLINICES,

210 1477 379 1524 Facete
401 1478 606 1524 advortis
622 1477 837 1523 animum
854 1488 996 1522 tuum
1011 1477 1072 1522 ad
1089 1478 1307 1524 animum
1323 1494 1503 1523 meum.

523 1569 555 1604 A
593 1572 624 1604 R
661 1569 693 1602 T
735 1570 766 1602 o
809 1569 839 1602 T
876 1570 908 1602 R
946 1570 978 1602 o
1019 1568 1050 1599 G
1091 1568 1125 1600 U
1165 1568 1201 1600 s.

213 1631 413 1677 Novisse
442 1647 596 1677 mores
626 1646 705 1675 me
736 1641 844 1676 tuos
872 1628 1100 1675 meditate
1129 1628 1294 1684 decet,

217 1706 492 1766 Curamque
522 1704 774 1761 adhibere,
806 1715 860 1750 ut
878 1704 1122 1765 praevolet
1149 1701 1297 1759 mihi,
1329 1715 1429 1761 quo
1450 1709 1507 1746 tu

466 1777 592 1822 veiis.

412 1857 1327 1896 PYRGOPOLINICES.

215 1923 408 1986 Ecquid
432 1922 732 1968 meministi?

524 2013 560 2046 A
595 2012 629 2045 R
667 2010 697 2042 T
736 2010 767 2043 o
808 2010 838 2042 T
876 2010 908 2042 R
945 2010 976 2042 ο
1017 2004 1047 2040 G
1086 2007 1119 2039 U
1158 2007 1195 2040 s.

741 2062 974 2117 Memini,
1003 2071 1200 2106 centum
1229 2060 1279 2106 in
1313 2059 1474 2106 Cilicia
1544 2064 1547 2065 ⁷

216 2141 278 2188 Et
304 2136 654 2200 quinquaginta
675 2169 688 2192 ‚
716 2144 912 2180 centum
948 2131 1337 2194 Sycolatronidae
1354 2165 1369 2189 ,

218 2213 433 2275 Triginta
465 2209 596 2259 Sardi
616 2244 628 2266 ‚
665 2209 902 2272 sexaginta
930 2205 1247 2264 Macedones,

216 2284 342 2333 Sunt
371 2284 620 2339 homines,
647 2293 701 2328 tu
730 2297 851 2343 quos
881 2280 1090 2326 occidisti
1124 2296 1224 2325 uno
1255 2278 1345 2325 die.

417 2371 1325 2408 PYRGOPOLINICES.

220 2439 417 2509 Quanta
442 2436 580 2483 istaec
606 2434 864 2482 hominum
891 2451 1075 2481 summa
1095 2435 1184 2480 ’sti’
