1618 2866
281 187 342 244 fi
619 182 1196 232 :CURCULIQ
1423 166 1554 244 tn

272 290 432 338 Vocat
459 289 518 336 ad
537 306 760 336 coenam:
790 288 954 352 religio
973 288 1098 347 afuit,
1119 290 1349 356 denegare
1372 293 1522 338 nolui.

276 365 415 435 Quid
437 365 472 409 si
490 364 737 419 adeamuS,
764 379 816 408 ac
843 362 1217 410 decumbamus?
1238 364 1412 426 inquit.
1441 380 1557 411 con—

530 436 687 481 silium
714 436 880 496 placet.

273 511 447 572 Neque
474 510 603 555 diem
635 509 772 555 decet
799 524 878 555 me
905 509 1102 567 morari,
1123 525 1286 571 neque
1314 510 1448 558 nocti
1469 527 1557 558 no-

530 583 686 629 cerier.
1510 598 1515 603 ·

274 658 446 704 Omnis
461 674 532 703 res
558 668 715 718 parata
733 657 786 702 'st
806 675 815 701 :
846 666 894 702 et
916 672 1002 702 nos
1012 690 1030 714 ³
1051 654 1226 717 quibus
1241 653 1556 719 paratum’st,
1612 704 1615 707 Α

532 747 756 776 assumus.
1192 777 1197 779 ,

270 807 531 867 Postquam
557 799 744 851 coenati
773 815 919 866 atque
944 798 1135 866 appoti,
1157 804 1275 850 talos
1296 804 1450 865 poscit
1470 802 1557 850 sibi

516 871 582 922 ‘in
605 893 824 923 manum.

273 952 504 996 Provocat
542 967 622 996 me
661 951 711 997 in
743 951 921 1008 aleam,
955 962 1011 997 ut
1046 967 1134 1015 ego
1167 945 1343 997 'ludam
1369 969 1380 995 :
1420 966 1554 1012 pono

525 1022 742 1083 pailium.
985 1068 994 1071 ,

275 1097 360 1142 Ille
387 1113 527 1142 suum
548 1097 751 1142 anulum
776 1097 1016 1158 opposuit.
1044 1096 1236 1143 invocat
1255 1096 1534 1146 Planesium.

573 1181 601 1214 P
639 1181 672 1213 H
709 1181 743 1214 A
777 1182 806 1214 Ε
842 1183 878 1216 D
917 1180 950 1215 R
987 1182 1020 1216 ο
1057 1182 1100 1214 Μ
1138 1179 1174 1214 U
1208 1181 1248 1218 s.

273 1243 469 1290 Meosne
495 1241 714 1288 amores?

662 1327 688 1358 c
727 1325 764 1357 U
799 1327 832 1359 R
870 1326 896 1357 c
936 1326 972 1358 U
1006 1327 1035 1359 L
1071 1326 1094 1358 1
1132 1327 1181 1359 o.

536 1385 664 1431 Tace
680 1401 947 1446 parumper.
958 1384 1074 1448 jacit
1088 1382 1316 1432 voltorios
1333 1396 1554 1447 quatuor.

274 1459 415 1506 Talos
450 1458 619 1519 arripio
637 1493 651 1516 ,
689 1458 863 1504 invoco
906 1459 1080 1504 almam
1124 1474 1283 1504 meam
1316 1455 1554 1506 nutficem

526 1530 797 1576 Herculem.

268 1602 404 1663 jacto
422 1599 680 1650 basilicum.
699 1589 911 1665 ‘propino
934 1617 1164 1666 magnum
1185 1602 1418 1663 poculum
1436 1620 1446 1646 :
1469 1597 1553 1647 ille

588 1691 603 1719 1
640 1685 707 1719 lt:

275 1750 431 1811 Caput
462 1674 661 1809 deggriit
685 1765 696 1793 :
737 1741 1083 1795 condormiscit.
1122 1733 1226 1813 ego
1258 1747 1303 1795 ei
1332 1745 1552 1793 subduco

523 1821 737 1866 anulum.

271 1892 476 1940 Deduco
502 1893 646 1955 pedes
676 1892 736 1939 de
763 1893 888 1938 lecto
912 1892 1058 1950 clam,
1086 1907 1149 1938 ne
1174 1891 1309 1940 miles
1335 1893 1516 1940 sentiat.

270 1965 459 2029 Rogant
489 1982 568 2011 me
603 1965 746 2023 servi,
776 1980 877 2025 quo
901 1964 1040 2009 eam?
1071 1980 1151 2010 me
1181 1964 1289 2011 dico
1320 1965 1386 2011 ire
1404 1999 1418 2022 ‚
1447 1981 1549 2026 quo

522 2037 663 2084 saturi
687 2038 852 2082 solent.

271 2109 463 2156 Ostium
490 2111 576 2157 ubi
603 2110 849 2173 conspexi,
870 2108 1041 2155 exinde
1060 2125 1140 2155 me
1158 2103 1287 2156 ‘illico
1307 2107 1548 2170 protinam

527 2181 652 2228 dedi.

571 2261 600 2294 P
635 2260 669 2293 H
704 2260 739 2293 A
774 2260 805 2294 E
841 2260 877 2293 D
911 2259 947 2294 R
984 2259 1016 2292 Ο
1053 2258 1097 2293 Μ
1133 2257 1169 2293 U
1205 2258 1243 2293 S.

267 2308 450 2358 Laudo.
696 2353 702 2358 .
1011 2366 1014 2369 Δ

634 2387 1158 2422 CURCULIO.

375 2446 590 2497 Laudato
602 2483 614 2506 ,
634 2448 831 2509 quando
849 2448 971 2495 illud
996 2449 1133 2511 quod
1155 2451 1286 2512 cupis
1298 2484 1312 2508 ,
1331 2444 1540 2496 effecero,
