1618 2866
216 194 315 249 282
555 195 1159 270 MERCATOZR.
1376 217 1511 267 v.14

599 315 1116 355 CHARINUS.

846 384 1074 434 Satin’ut
1105 390 1280 438 oblitus
1310 391 1411 451 fui,

220 453 333 501 Tibi
361 469 441 501 me
471 456 759 503 narravisse?

600 558 630 590 E
668 558 704 590 U
741 559 771 591 T
807 559 843 591 Y
878 560 905 593 c
944 560 978 593 H
1015 559 1051 593 U
1088 558 1126 593 s.

578 624 724 670 Haud
749 626 926 672 mirum
946 626 1125 672 factum
1142 626 1209 682 ’s-t.

597 731 625 764 c
665 733 701 766 H
736 731 772 765 A
806 732 840 766 R
874 733 897 765 1
933 733 966 766 N
1006 733 1040 766 U
1077 733 1117 767 s.

1032 793 1105 839 Te
1135 809 1267 840 nunc
1299 797 1510 842 consulo.

225 863 507 926 Responde,
538 881 638 926 quo
661 867 760 912 leto
787 883 943 913 censes
972 884 1051 914 me
1077 880 1133 916 ut
1153 886 1343 931 peream
1366 870 1512 931 potis⁴

481 955 675 985 sumum
689 940 710 984 ?

595 1034 626 1066 Ε
664 1034 699 1066 U
737 1034 767 1067 T
802 1034 837 1066 Y
874 1034 902 1067 c
937 1034 972 1067 H
1009 1033 1051 1078 U¹
1081 1035 1118 1068 s.

224 1089 338 1137 Non
368 1092 525 1138 taces?
553 1109 665 1140 cave
691 1094 811 1141 istuc
841 1094 1047 1140 dixis.

605 1195 631 1227 c
668 1193 703 1226 H
739 1194 774 1227 A
811 1196 845 1229 R
879 1196 900 1228 1
937 1195 970 1228 N
1010 1194 1045 1226 U
1082 1193 1120 1228 s.
1496 1236 1498 1238 ¹

784 1264 922 1335 Quid
953 1264 1022 1311 vis
1044 1280 1123 1310 me
1149 1263 1292 1328 igitur
1321 1259 1514 1316 dicere?

599 1363 628 1396 Ε
667 1364 703 1396 U
738 1364 769 1397 T
806 1364 842 1395 Y
876 1364 904 1395 c
941 1363 976 1396 Η
1014 1363 1050 1396 U
1088 1363 1125 1396 s.

226 1420 335 1490 Vin’
354 1422 478 1484 patri
500 1423 737 1470 sublinere
760 1424 957 1486 pulchre
982 1441 1062 1469 me
1091 1441 1142 1470 os
1164 1423 1288 1470 tuo?

601 1524 1114 1560 CHARINUS.

1232 1583 1352 1631 Sane
1385 1585 1512 1631 volo.

597 1664 627 1698 Ε
664 1662 700 1696 U
736 1664 767 1697 Τ
803 1664 838 1696 Y
873 1663 900 1696 c
937 1663 974 1697 Η
1008 1662 1044 1695 U
1082 1662 1122 1696 s.

226 1722 371 1771 Visne
397 1741 500 1771 eam
530 1726 591 1772 ad
619 1726 855 1788 portum?
904 1744 908 1749 ’

605 1827 632 1859 c
671 1826 705 1858 Η
741 1826 777 1857 A
812 1825 846 1858 R
882 1823 904 1856 1
939 1824 974 1857 N
1011 1821 1046 1854 U
1083 1821 1122 1854 s.

609 1895 712 1964 Qui
738 1893 926 1955 potius,
959 1908 1108 1953 quam
1139 1890 1300 1937 voles?

599 1987 1123 2023 EUTYCHUS.

1108 2046 1271 2109 Atque
1304 2048 1509 2095 eximam

230 2114 479 2161 Mulierem
506 2114 659 2177 pretio
675 2114 698 2160 Ξ)

605 2209 631 2241 c
669 2207 703 2241 Η
743 2207 776 2242 Α
813 2209 847 2242 R
882 2208 903 2241 1
939 2208 974 2241 N
1011 2206 1047 2240 U
1084 2205 1123 2239 s.

424 2275 524 2345 Qui
554 2276 716 2338 potius
734 2310 748 2333 ‚
774 2292 922 2336 quam
942 2290 1056 2320 auro
1082 2270 1355 2334 expendas?
1410 2274 1415 2278 '

600 2377 631 2411 Ε
668 2378 704 2411 U
742 2378 773 2411 T
809 2378 844 2412 Y
883 2378 909 2410 c
949 2377 983 2412 Η
1020 2378 1055 2411 U
1093 2376 1131 2410 s,

1058 2437 1197 2485 Unde
1229 2447 1277 2484 at
1313 2434 1399 2481 erit
1424 2428 1510 2478 id?
