<?xml version="1.0" encoding="UTF-8"?>
<!DOCTYPE html PUBLIC "-//W3C//DTD XHTML 1.0 Transitional//EN"
    "http://www.w3.org/TR/xhtml1/DTD/xhtml1-transitional.dtd">
<html xmlns="http://www.w3.org/1999/xhtml" xml:lang="en" lang="en">
 <head>
  <title>
</title>
<meta http-equiv="Content-Type" content="text/html;charset=utf-8" />
  <meta name='ocr-system' content='tesseract 3.04.00' />
  <meta name='ocr-capabilities' content='ocr_page ocr_carea ocr_par ocr_line ocrx_word'/>
</head>
<body>
  <div class='ocr_page' id='page_1' title='image "./comoediaesuperst02plauuoft_0543.png"; bbox 0 0 1618 2866; ppageno 0'>
   <div class='ocr_carea' id='block_1_1' title="bbox 45 121 1331 187">
    <p class='ocr_par' dir='ltr' id='par_1_1' title="bbox 45 121 1331 187">
     <span class='ocr_line' id='line_1_1' title="bbox 45 121 1331 187; baseline -0.002 -12"><span class='ocrx_word' id='word_1_1' title='bbox 45 142 92 179; x_wconf 71' lang='lat' dir='ltr'>v.</span> <span class='ocrx_word' id='word_1_2' title='bbox 127 141 182 186; x_wconf 79' lang='lat'>17</span> <span class='ocrx_word' id='word_1_3' title='bbox 316 122 609 174; x_wconf 88' lang='lat' dir='ltr'><strong>ACTUS</strong></span> <span class='ocrx_word' id='word_1_4' title='bbox 640 123 763 170; x_wconf 84' lang='lat'>111.</span> <span class='ocrx_word' id='word_1_5' title='bbox 817 121 919 171; x_wconf 86' lang='lat' dir='ltr'>SC.</span> <span class='ocrx_word' id='word_1_6' title='bbox 972 123 1092 170; x_wconf 88' lang='grc' dir='ltr'><strong>ΙΙΙ.</strong></span> <span class='ocrx_word' id='word_1_7' title='bbox 1239 139 1331 187; x_wconf 81' lang='lat'>535</span> 
     </span>
    </p>
   </div>
   <div class='ocr_carea' id='block_1_2' title="bbox 47 246 1333 1986">
    <p class='ocr_par' dir='ltr' id='par_1_2' title="bbox 47 246 1333 1986">
     <span class='ocr_line' id='line_1_2' title="bbox 503 246 1039 304; baseline -0.002 -24"><span class='ocrx_word' id='word_1_8' title='bbox 503 248 535 280; x_wconf 83' lang='lat' dir='ltr'>T</span> <span class='ocrx_word' id='word_1_9' title='bbox 571 248 605 281; x_wconf 99' lang='lat' dir='ltr'>R</span> <span class='ocrx_word' id='word_1_10' title='bbox 638 246 674 280; x_wconf 79' lang='lat' dir='ltr'>A</span> <span class='ocrx_word' id='word_1_11' title='bbox 709 247 744 280; x_wconf 99' lang='lat' dir='ltr'>N</span> <span class='ocrx_word' id='word_1_12' title='bbox 781 247 803 280; x_wconf 89' lang='lat'>1</span> <span class='ocrx_word' id='word_1_13' title='bbox 840 247 888 280; x_wconf 94' lang='lat' dir='ltr'>o.</span> <span class='ocrx_word' id='word_1_14' title='bbox 1022 280 1039 304; x_wconf 49' lang='grc' dir='ltr'><strong><em>ο</em></strong></span> 
     </span>
     <span class='ocr_line' id='line_1_3' title="bbox 708 305 1331 368; baseline 0.002 -17"><span class='ocrx_word' id='word_1_15' title='bbox 708 305 855 352; x_wconf 86' lang='lat' dir='ltr'>Haud</span> <span class='ocrx_word' id='word_1_16' title='bbox 889 321 1093 352; x_wconf 88' lang='lat' dir='ltr'><strong>nummo</strong></span> <span class='ocrx_word' id='word_1_17' title='bbox 1116 305 1331 368; x_wconf 78' lang='lat' dir='ltr'>amplius·</span> 
     </span>
     <span class='ocr_line' id='line_1_4' title="bbox 339 398 1062 434; baseline -0.001 -1"><span class='ocrx_word' id='word_1_18' title='bbox 339 398 1062 434; x_wconf 76' lang='lat' dir='ltr'>THEUROPIDES.</span> 
     </span>
     <span class='ocr_line' id='line_1_5' title="bbox 47 458 442 522; baseline 0 -16"><span class='ocrx_word' id='word_1_19' title='bbox 47 458 210 506; x_wconf 88' lang='lat' dir='ltr'><strong>Hodie</strong></span> <span class='ocrx_word' id='word_1_20' title='bbox 235 459 442 522; x_wconf 85' lang='lat' dir='ltr'>accipiat.</span> 
     </span>
     <span class='ocr_line' id='line_1_6' title="bbox 259 536 882 571; baseline -0.006 2"><span class='ocrx_word' id='word_1_21' title='bbox 259 547 267 552; x_wconf 92' lang='lat'><em>·</em></span> <span class='ocrx_word' id='word_1_22' title='bbox 500 538 532 571; x_wconf 88' lang='lat' dir='ltr'>T</span> <span class='ocrx_word' id='word_1_23' title='bbox 568 539 601 571; x_wconf 88' lang='lat' dir='ltr'>R</span> <span class='ocrx_word' id='word_1_24' title='bbox 638 536 672 570; x_wconf 84' lang='grc' dir='ltr'><strong>Α</strong></span> <span class='ocrx_word' id='word_1_25' title='bbox 707 537 742 570; x_wconf 90' lang='lat' dir='ltr'>N</span> <span class='ocrx_word' id='word_1_26' title='bbox 775 536 799 569; x_wconf 88' lang='grc' dir='ltr'>Ι</span> <span class='ocrx_word' id='word_1_27' title='bbox 834 536 882 570; x_wconf 89' lang='grc' dir='ltr'>ο.</span> 
     </span>
     <span class='ocr_line' id='line_1_7' title="bbox 305 596 1330 656; baseline -0.002 -13"><span class='ocrx_word' id='word_1_28' title='bbox 305 597 378 643; x_wconf 90' lang='lat' dir='ltr'>Ita</span> <span class='ocrx_word' id='word_1_29' title='bbox 402 597 530 643; x_wconf 89' lang='lat' dir='ltr'>enim</span> <span class='ocrx_word' id='word_1_30' title='bbox 559 612 698 643; x_wconf 84' lang='lat' dir='ltr'>vero:</span> <span class='ocrx_word' id='word_1_31' title='bbox 730 611 793 642; x_wconf 89' lang='lat' dir='ltr'>ne</span> <span class='ocrx_word' id='word_1_32' title='bbox 821 611 919 656; x_wconf 94' lang='lat' dir='ltr'>qua</span> <span class='ocrx_word' id='word_1_33' title='bbox 944 611 1099 642; x_wconf 88' lang='lat' dir='ltr'>caussa</span> <span class='ocrx_word' id='word_1_34' title='bbox 1123 596 1330 655; x_wconf 88' lang='lat' dir='ltr'>subsiet‚</span> 
     </span>
     <span class='ocr_line' id='line_1_8' title="bbox 49 666 1331 732; baseline -0.001 -18"><span class='ocrx_word' id='word_1_35' title='bbox 49 666 141 716; x_wconf 89' lang='lat' dir='ltr'>Vel</span> <span class='ocrx_word' id='word_1_36' title='bbox 171 667 290 714; x_wconf 87' lang='lat' dir='ltr'>mihi</span> <span class='ocrx_word' id='word_1_37' title='bbox 324 667 661 714; x_wconf 85' lang='lat' dir='ltr'>denumerato:</span> <span class='ocrx_word' id='word_1_38' title='bbox 699 684 789 732; x_wconf 89' lang='lat' dir='ltr'>ego</span> <span class='ocrx_word' id='word_1_39' title='bbox 822 667 891 712; x_wconf 83' lang='lat' dir='ltr'>illi</span> <span class='ocrx_word' id='word_1_40' title='bbox 919 683 1064 729; x_wconf 83' lang='lat' dir='ltr'>porro</span> <span class='ocrx_word' id='word_1_41' title='bbox 1100 667 1331 715; x_wconf 74' lang='lat' dir='ltr'>denume⁴</span> 
     </span>
     <span class='ocr_line' id='line_1_9' title="bbox 300 757 477 788; baseline 0 -1"><span class='ocrx_word' id='word_1_42' title='bbox 300 757 477 788; x_wconf 80' lang='lat' dir='ltr'>raveto.</span> 
     </span>
     <span class='ocr_line' id='line_1_10' title="bbox 340 826 1056 862; baseline 0.003 -2"><span class='ocrx_word' id='word_1_43' title='bbox 340 826 1056 862; x_wconf 77' lang='lat' dir='ltr'>THEUROPIDES.</span> 
     </span>
     <span class='ocr_line' id='line_1_11' title="bbox 52 882 1331 948; baseline 0.004 -17"><span class='ocrx_word' id='word_1_44' title='bbox 52 882 114 932; x_wconf 88' lang='lat' dir='ltr'>At</span> <span class='ocrx_word' id='word_1_45' title='bbox 151 886 313 944; x_wconf 89' lang='lat' dir='ltr'>enim,</span> <span class='ocrx_word' id='word_1_46' title='bbox 344 902 408 933; x_wconf 90' lang='lat' dir='ltr'>ne</span> <span class='ocrx_word' id='word_1_47' title='bbox 448 887 568 948; x_wconf 89' lang='lat' dir='ltr'>quid</span> <span class='ocrx_word' id='word_1_48' title='bbox 605 888 814 948; x_wconf 82' lang='lat' dir='ltr'>captioni</span> <span class='ocrx_word' id='word_1_49' title='bbox 841 889 960 934; x_wconf 87' lang='lat' dir='ltr'>mihi</span> <span class='ocrx_word' id='word_1_50' title='bbox 987 890 1044 936; x_wconf 87' lang='lat' dir='ltr'>sit</span> <span class='ocrx_word' id='word_1_51' title='bbox 1062 924 1076 947; x_wconf 85' lang='lat'>‚</span> <span class='ocrx_word' id='word_1_52' title='bbox 1117 890 1155 934; x_wconf 88' lang='lat' dir='ltr'>si</span> <span class='ocrx_word' id='word_1_53' title='bbox 1185 889 1331 936; x_wconf 80' lang='lat' dir='ltr'>dede-</span> 
     </span>
     <span class='ocr_line' id='line_1_12' title="bbox 300 961 938 1007; baseline -0.006 0"><span class='ocrx_word' id='word_1_54' title='bbox 300 961 391 1007; x_wconf 86' lang='lat' dir='ltr'>rim</span> <span class='ocrx_word' id='word_1_55' title='bbox 423 961 527 1007; x_wconf 90' lang='lat' dir='ltr'>tibi.</span> <span class='ocrx_word' id='word_1_56' title='bbox 910 982 938 989; x_wconf 26' lang='lat' dir='ltr'>-r</span> 
     </span>
     <span class='ocr_line' id='line_1_13' title="bbox 504 1046 887 1082; baseline 0.01 -4"><span class='ocrx_word' id='word_1_57' title='bbox 504 1046 536 1078; x_wconf 85' lang='lat' dir='ltr'>T</span> <span class='ocrx_word' id='word_1_58' title='bbox 574 1047 608 1079; x_wconf 92' lang='lat' dir='ltr'>R</span> <span class='ocrx_word' id='word_1_59' title='bbox 641 1046 677 1079; x_wconf 83' lang='lat' dir='ltr'><strong>A</strong></span> <span class='ocrx_word' id='word_1_60' title='bbox 710 1047 745 1080; x_wconf 92' lang='lat' dir='ltr'>N</span> <span class='ocrx_word' id='word_1_61' title='bbox 779 1048 802 1081; x_wconf 95' lang='lat'>1</span> <span class='ocrx_word' id='word_1_62' title='bbox 839 1048 887 1082; x_wconf 91' lang='grc' dir='ltr'>ο.</span> 
     </span>
     <span class='ocr_line' id='line_1_14' title="bbox 53 1105 1327 1170; baseline 0.002 -19"><span class='ocrx_word' id='word_1_63' title='bbox 53 1105 215 1170; x_wconf 86' lang='lat' dir='ltr'>Egone</span> <span class='ocrx_word' id='word_1_64' title='bbox 250 1117 299 1152; x_wconf 91' lang='lat' dir='ltr'>te</span> <span class='ocrx_word' id='word_1_65' title='bbox 321 1107 487 1170; x_wconf 82' lang='lat' dir='ltr'>joculo</span> <span class='ocrx_word' id='word_1_66' title='bbox 519 1107 670 1154; x_wconf 89' lang='lat' dir='ltr'>modo</span> <span class='ocrx_word' id='word_1_67' title='bbox 705 1109 854 1153; x_wconf 80' lang='lat' dir='ltr'>ausim</span> <span class='ocrx_word' id='word_1_68' title='bbox 871 1142 885 1166; x_wconf 85' lang='lat'><strong>,</strong></span> <span class='ocrx_word' id='word_1_69' title='bbox 921 1107 1051 1154; x_wconf 86' lang='lat' dir='ltr'>dicto</span> <span class='ocrx_word' id='word_1_70' title='bbox 1086 1117 1169 1155; x_wconf 87' lang='lat' dir='ltr'>aut</span> <span class='ocrx_word' id='word_1_71' title='bbox 1202 1106 1327 1154; x_wconf 87' lang='lat' dir='ltr'>facto</span> 
     </span>
     <span class='ocr_line' id='line_1_15' title="bbox 300 1178 599 1226; baseline 0.007 -2"><span class='ocrx_word' id='word_1_72' title='bbox 300 1178 491 1226; x_wconf 86' lang='lat' dir='ltr'>fallere?</span> <span class='ocrx_word' id='word_1_73' title='bbox 595 1187 599 1193; x_wconf 91' lang='grc'><strong><em>’</em></strong></span> 
     </span>
     <span class='ocr_line' id='line_1_16' title="bbox 342 1264 1051 1299; baseline 0.001 -2"><span class='ocrx_word' id='word_1_74' title='bbox 342 1264 1051 1299; x_wconf 78' lang='lat' dir='ltr'>THEUROPIDES.</span> 
     </span>
     <span class='ocr_line' id='line_1_17' title="bbox 54 1320 1331 1386; baseline 0.002 -19"><span class='ocrx_word' id='word_1_75' title='bbox 54 1320 202 1386; x_wconf 86' lang='lat' dir='ltr'><strong>Egon&#39;</strong></span> <span class='ocrx_word' id='word_1_76' title='bbox 228 1323 309 1369; x_wconf 89' lang='lat' dir='ltr'>abs</span> <span class='ocrx_word' id='word_1_77' title='bbox 342 1335 391 1369; x_wconf 89' lang='lat' dir='ltr'>te</span> <span class='ocrx_word' id='word_1_78' title='bbox 428 1325 579 1370; x_wconf 75' lang='lat' dir='ltr'>ausim</span> <span class='ocrx_word' id='word_1_79' title='bbox 607 1342 710 1372; x_wconf 89' lang='lat' dir='ltr'>non</span> <span class='ocrx_word' id='word_1_80' title='bbox 743 1340 902 1372; x_wconf 84' lang='lat' dir='ltr'>cavere</span> <span class='ocrx_word' id='word_1_81' title='bbox 919 1359 933 1382; x_wconf 85' lang='lat'>‚</span> <span class='ocrx_word' id='word_1_82' title='bbox 964 1340 1027 1370; x_wconf 92' lang='lat' dir='ltr'>ne</span> <span class='ocrx_word' id='word_1_83' title='bbox 1059 1323 1180 1385; x_wconf 88' lang='lat' dir='ltr'>quid</span> <span class='ocrx_word' id='word_1_84' title='bbox 1214 1338 1331 1370; x_wconf 73' lang='lat' dir='ltr'>con-</span> 
     </span>
     <span class='ocr_line' id='line_1_18' title="bbox 305 1397 639 1444; baseline 0.003 -1"><span class='ocrx_word' id='word_1_85' title='bbox 305 1397 494 1443; x_wconf 81' lang='lat' dir='ltr'>mittam</span> <span class='ocrx_word' id='word_1_86' title='bbox 517 1398 639 1444; x_wconf 84' lang='lat' dir='ltr'><strong>tibi?</strong></span> 
     </span>
     <span class='ocr_line' id='line_1_19' title="bbox 507 1489 1202 1524; baseline 0 -1"><span class='ocrx_word' id='word_1_87' title='bbox 507 1489 540 1521; x_wconf 87' lang='lat' dir='ltr'>T</span> <span class='ocrx_word' id='word_1_88' title='bbox 576 1492 611 1524; x_wconf 87' lang='lat' dir='ltr'>R</span> <span class='ocrx_word' id='word_1_89' title='bbox 646 1490 682 1523; x_wconf 88' lang='lat' dir='ltr'>A</span> <span class='ocrx_word' id='word_1_90' title='bbox 717 1491 755 1524; x_wconf 95' lang='lat' dir='ltr'>N</span> <span class='ocrx_word' id='word_1_91' title='bbox 789 1490 812 1523; x_wconf 90' lang='lat' dir='ltr'>I</span> <span class='ocrx_word' id='word_1_92' title='bbox 846 1490 895 1524; x_wconf 84' lang='grc' dir='ltr'>Ο.</span> <span class='ocrx_word' id='word_1_93' title='bbox 1197 1515 1202 1519; x_wconf 91' lang='grc'><em>.</em></span> 
     </span>
     <span class='ocr_line' id='line_1_20' title="bbox 53 1546 1330 1616; baseline 0.001 -23"><span class='ocrx_word' id='word_1_94' title='bbox 53 1546 155 1616; x_wconf 77' lang='lat' dir='ltr'>Qui</span> <span class='ocrx_word' id='word_1_95' title='bbox 182 1548 270 1596; x_wconf 84' lang='lat' dir='ltr'>tibi</span> <span class='ocrx_word' id='word_1_96' title='bbox 304 1564 573 1611; x_wconf 88' lang='lat' dir='ltr'><strong>numquam</strong></span> <span class='ocrx_word' id='word_1_97' title='bbox 602 1550 899 1611; x_wconf 81' lang='lat' dir='ltr'><strong>quidquam,</strong></span> <span class='ocrx_word' id='word_1_98' title='bbox 929 1559 1189 1611; x_wconf 85' lang='lat' dir='ltr'>postquam</span> <span class='ocrx_word' id='word_1_99' title='bbox 1219 1559 1330 1594; x_wconf 86' lang='lat' dir='ltr'>tuus</span> 
     </span>
     <span class='ocr_line' id='line_1_21' title="bbox 303 1624 902 1681; baseline 0.003 -13"><span class='ocrx_word' id='word_1_100' title='bbox 303 1639 439 1681; x_wconf 88' lang='lat' dir='ltr'>sum,</span> <span class='ocrx_word' id='word_1_101' title='bbox 469 1624 728 1670; x_wconf 82' lang='lat' dir='ltr'>verborum</span> <span class='ocrx_word' id='word_1_102' title='bbox 756 1624 902 1670; x_wconf 79' lang='lat' dir='ltr'>dedi?</span> 
     </span>
     <span class='ocr_line' id='line_1_22' title="bbox 344 1718 1056 1754; baseline 0.003 -3"><span class='ocrx_word' id='word_1_103' title='bbox 344 1718 1056 1754; x_wconf 77' lang='lat' dir='ltr'>THEUROPIDES.</span> 
     </span>
     <span class='ocr_line' id='line_1_23' title="bbox 54 1775 1333 1847; baseline 0.005 -24"><span class='ocrx_word' id='word_1_104' title='bbox 54 1775 156 1841; x_wconf 88' lang='lat' dir='ltr'>Ego</span> <span class='ocrx_word' id='word_1_105' title='bbox 192 1779 321 1828; x_wconf 85' lang='lat' dir='ltr'>enim</span> <span class='ocrx_word' id='word_1_106' title='bbox 354 1781 456 1827; x_wconf 89' lang='lat' dir='ltr'>cavi</span> <span class='ocrx_word' id='word_1_107' title='bbox 488 1792 627 1827; x_wconf 85' lang='lat' dir='ltr'>recte.</span> <span class='ocrx_word' id='word_1_108' title='bbox 666 1798 769 1828; x_wconf 87' lang='lat' dir='ltr'>eam</span> <span class='ocrx_word' id='word_1_109' title='bbox 800 1782 920 1828; x_wconf 72' lang='lat' dir='ltr'>mihi</span> <span class='ocrx_word' id='word_1_110' title='bbox 947 1781 1103 1829; x_wconf 86' lang='lat' dir='ltr'>debeo</span> <span class='ocrx_word' id='word_1_111' title='bbox 1141 1782 1333 1847; x_wconf 81' lang='lat' dir='ltr'>gratiam</span> 
     </span>
     <span class='ocr_line' id='line_1_24' title="bbox 305 1854 791 1915; baseline 0.004 -16"><span class='ocrx_word' id='word_1_112' title='bbox 305 1864 453 1915; x_wconf 89' lang='lat' dir='ltr'>atque</span> <span class='ocrx_word' id='word_1_113' title='bbox 478 1854 639 1900; x_wconf 88' lang='lat' dir='ltr'>animo</span> <span class='ocrx_word' id='word_1_114' title='bbox 663 1871 791 1901; x_wconf 89' lang='lat' dir='ltr'>meo.</span> 
     </span>
     <span class='ocr_line' id='line_1_25' title="bbox 57 1918 1055 1986; baseline 0.006 -19"><span class='ocrx_word' id='word_1_115' title='bbox 57 1918 136 1968; x_wconf 87' lang='lat' dir='ltr'>Sat</span> <span class='ocrx_word' id='word_1_116' title='bbox 159 1925 287 1986; x_wconf 85' lang='lat' dir='ltr'>sapio</span> <span class='ocrx_word' id='word_1_117' title='bbox 302 1960 318 1984; x_wconf 91' lang='lat'>,</span> <span class='ocrx_word' id='word_1_118' title='bbox 348 1927 385 1972; x_wconf 89' lang='lat' dir='ltr'>si</span> <span class='ocrx_word' id='word_1_119' title='bbox 404 1926 485 1973; x_wconf 89' lang='lat' dir='ltr'>abs</span> <span class='ocrx_word' id='word_1_120' title='bbox 511 1939 560 1973; x_wconf 91' lang='lat' dir='ltr'>te</span> <span class='ocrx_word' id='word_1_121' title='bbox 582 1927 735 1974; x_wconf 90' lang='lat' dir='ltr'>modo</span> <span class='ocrx_word' id='word_1_122' title='bbox 764 1944 866 1974; x_wconf 91' lang='lat' dir='ltr'>uno</span> <span class='ocrx_word' id='word_1_123' title='bbox 895 1944 1055 1975; x_wconf 86' lang='lat' dir='ltr'>caveo.</span> 
     </span>
    </p>
   </div>
   <div class='ocr_carea' id='block_1_3' title="bbox 512 2018 1338 2116">
    <p class='ocr_par' dir='ltr' id='par_1_3' title="bbox 512 2018 1338 2116">
     <span class='ocr_line' id='line_1_26' title="bbox 512 2018 895 2054; baseline -0.003 -2"><span class='ocrx_word' id='word_1_124' title='bbox 512 2019 544 2052; x_wconf 83' lang='lat' dir='ltr'>‘r</span> <span class='ocrx_word' id='word_1_125' title='bbox 577 2020 613 2054; x_wconf 88' lang='lat' dir='ltr'>R</span> <span class='ocrx_word' id='word_1_126' title='bbox 648 2018 684 2052; x_wconf 85' lang='lat' dir='ltr'>A</span> <span class='ocrx_word' id='word_1_127' title='bbox 717 2019 752 2052; x_wconf 89' lang='lat' dir='ltr'>N</span> <span class='ocrx_word' id='word_1_128' title='bbox 785 2018 808 2052; x_wconf 94' lang='lat'>1</span> <span class='ocrx_word' id='word_1_129' title='bbox 848 2020 895 2052; x_wconf 92' lang='lat' dir='ltr'>o.</span> 
     </span>
     <span class='ocr_line' id='line_1_27' title="bbox 957 2069 1338 2116; baseline 0.003 -1"><span class='ocrx_word' id='word_1_130' title='bbox 957 2070 1148 2116; x_wconf 89' lang='lat' dir='ltr'>Tecum</span> <span class='ocrx_word' id='word_1_131' title='bbox 1170 2069 1338 2116; x_wconf 82' lang='lat' dir='ltr'>sentio&#39;.</span> 
     </span>
    </p>
   </div>
   <div class='ocr_carea' id='block_1_4' title="bbox 61 2153 1103 2346">
    <p class='ocr_par' dir='ltr' id='par_1_4' title="bbox 61 2153 1103 2346">
     <span class='ocr_line' id='line_1_28' title="bbox 264 2153 1068 2199; baseline 0.006 -13"><span class='ocrx_word' id='word_1_132' title='bbox 264 2153 1068 2199; x_wconf 24' lang='lat' dir='ltr'>*THEUROPIDER</span> 
     </span>
     <span class='ocr_line' id='line_1_29' title="bbox 61 2205 1103 2265; baseline 0.004 -5"><span class='ocrx_word' id='word_1_133' title='bbox 61 2205 204 2261; x_wconf 63' lang='lat' dir='ltr'>Num</span> <span class='ocrx_word' id='word_1_134' title='bbox 225 2208 328 2261; x_wconf 89' lang='lat' dir='ltr'>abi;</span> <span class='ocrx_word' id='word_1_135' title='bbox 359 2211 484 2261; x_wconf 86' lang='lat' dir='ltr'>irus.</span> <span class='ocrx_word' id='word_1_136' title='bbox 516 2216 593 2263; x_wconf 89' lang='lat' dir='ltr'>dic</span> <span class='ocrx_word' id='word_1_137' title='bbox 615 2233 696 2262; x_wconf 91' lang='lat' dir='ltr'>me</span> <span class='ocrx_word' id='word_1_138' title='bbox 723 2217 962 2265; x_wconf 84' lang='lat' dir='ltr'>advenisse</span> <span class='ocrx_word' id='word_1_139' title='bbox 990 2217 1103 2264; x_wconf 76' lang='lat' dir='ltr'><strong>filio.</strong></span> 
     </span>
     <span class='ocr_line' id='line_1_30' title="bbox 511 2309 894 2346; baseline 0.008 -3"><span class='ocrx_word' id='word_1_140' title='bbox 511 2309 545 2343; x_wconf 82' lang='grc' dir='ltr'><strong>Τ</strong></span> <span class='ocrx_word' id='word_1_141' title='bbox 579 2311 616 2344; x_wconf 87' lang='lat' dir='ltr'>R</span> <span class='ocrx_word' id='word_1_142' title='bbox 650 2310 810 2345; x_wconf 81' lang='lat' dir='ltr'>ANI</span> <span class='ocrx_word' id='word_1_143' title='bbox 845 2313 894 2346; x_wconf 77' lang='lat' dir='ltr'>o.</span> 
     </span>
    </p>
   </div>
   <div class='ocr_carea' id='block_1_5' title="bbox 814 2371 1339 2503">
    <p class='ocr_par' dir='ltr' id='par_1_5' title="bbox 814 2371 1339 2503">
     <span class='ocr_line' id='line_1_31' title="bbox 814 2371 1339 2428; baseline -0.006 -9"><span class='ocrx_word' id='word_1_144' title='bbox 814 2408 817 2411; x_wconf 23' lang='grc' dir='ltr'><strong><em>ι</em></strong></span> <span class='ocrx_word' id='word_1_145' title='bbox 872 2372 1086 2428; x_wconf 86' lang='lat' dir='ltr'>Faciam,</span> <span class='ocrx_word' id='word_1_146' title='bbox 1117 2381 1173 2418; x_wconf 85' lang='lat' dir='ltr'>ut</span> <span class='ocrx_word' id='word_1_147' title='bbox 1197 2371 1339 2418; x_wconf 63' lang='lat' dir='ltr'>voles.</span> 
     </span>
     <span class='ocr_line' id='line_1_32' title="bbox 978 2443 1116 2503; baseline 0.007 -16"><span class='ocrx_word' id='word_1_148' title='bbox 978 2443 1053 2487; x_wconf 84' lang='lat' dir='ltr'>Ll</span> <span class='ocrx_word' id='word_1_149' title='bbox 1085 2458 1116 2503; x_wconf 74' lang='lat'>4</span> 
     </span>
    </p>
   </div>
  </div>
 </body>
</html>
