1618 2866
134 144 261 197 gn5-
395 127 692 177 ACTUS
743 127 863 174 III.
914 125 1154 176 SC.IV.
1322 143 1412 190 293

140 232 287 296 Spem
323 243 466 280 teneo
485 267 499 289 ‚
535 234 734 279 salutem
774 231 935 278 amisi:
984 232 1144 279 redeat
1182 249 1243 279 an
1277 249 1379 280 non
1399 268 1416 291 ,

394 307 565 353 nescio.

140 380 192 446 Si
219 381 447 444 opprimit
469 391 630 442 pater,
658 378 796 440 quod
822 379 968 429 dixit;
1002 380 1269 426 exsulatum
1294 380 1416 427 abiit

395 454 542 500 salus:

144 525 228 573 Sin
245 525 435 584 sodalis,
457 525 592 587 quod
614 524 853 587 promisit,
871 524 1010 575 fecit;
1030 540 1133 570 non
1154 523 1269 569 abiit
1285 525 1418 571 salus.

142 597 240 644 Sed
254 597 450 645 tandem
465 598 501 644 si
515 597 784 662 podagrosis
799 596 1004 658 pedibus
1025 607 1139 642 esset
1153 596 1420 658 Eutychus,

137 669 247 729 Jam
266 686 294 716 a
313 680 459 732 portu
481 669 664 715 rediisse
691 669 868 730 potuit.
896 668 948 714 id
970 669 1039 716 illi
1056 670 1230 717 vitium
1254 687 1423 718 maxw

395 761 533 791 mum
550 746 604 790 ’st
616 779 631 802 ,

147 817 301 888 Quod
320 818 459 864 nimis
481 818 619 864 tardu
636 819 716 875 'st,
743 817 996 864 advorsum
1023 817 1119 864 mei
1145 818 1292 864 animi
1313 834 1420 864 sen-

146 941 150 950 ,
395 902 605 939 tentlam.

144 961 240 1010 Sed
261 964 359 1011 isne
388 977 454 1011 est
473 999 487 1021 ‚
517 980 667 1026 quem
692 974 962 1010 currentem
988 962 1164 1010 video?
1189 964 1314 1025 ipsus
1341 977 1424 1010 est.

397 1037 480 1082 ibo
513 1037 717 1083 obviam.
935 1037 942 1040 ’

145 1108 402 1168 Numquid
432 1118 571 1154 restat
585 1108 607 1153 Ρ
649 1109 773 1154 eheu
808 1108 1021 1170 disperii!
1067 1109 1231 1155 voltus
1265 1108 1425 1154 neuti-

399 1197 546 1241 quam
571 1181 711 1245 hujus
740 1182 921 1242 placet:

148 1251 311 1299 Tristis
347 1253 525 1300 incedit
543 1289 558 1312 ,
601 1266 766 1316 pectus
798 1254 958 1301 ardet:
1000 1255 1170 1301 haereo
1189 1289 1203 1313 ‚
1244 1260 1428 1315 quassat

400 1338 555 1388 caput.

147 1397 378 1462 Eutyche.

531 1477 562 1510 Ε
599 1477 634 1510 U
670 1478 702 1511 Τ
736 1478 771 1511 Y
806 1478 834 1511 c
870 1479 905 1511 H
940 1480 975 1513 u
1014 1479 1052 1513 s.

306 1535 441 1582 Heu!
474 1536 688 1583 Charine.

537 1630 565 1662 c
601 1631 636 1663 Η
671 1630 706 1664 A
740 1631 774 1664 R
809 1632 830 1673 1
865 1632 900 1665 N
937 1631 973 1664 U
1009 1630 1049 1665 s.

608 1690 888 1751 PriuSquam
910 1690 1103 1751 recipias
1134 1689 1398 1736 anhelitum
1411 1724 1429 1746 ,

148 1760 257 1808 Uno
281 1762 430 1809 verbo
459 1763 712 1823 eloquere:
741 1763 829 1809 ubi
861 1779 950 1828 ego
980 1763 1122 1810 sum?
1155 1763 1341 1810 hiccine
1367 1778 1429 1810 an

397 1836 529 1898 apud
552 1847 765 1882 mortuos
778 1836 810 1889 Ρ,

533 1931 564 1963 Β
600 1930 637 1963 U
672 1930 706 1963 Τ
740 1930 776 1962 Y
811 1931 838 1964 c
875 1930 909 1962 Η
944 1929 980 1962 u
1014 1928 1056 1962 s.

155 1986 325 2049 Neque
346 1989 475 2052 apud
502 2001 718 2037 mortuos
734 2024 749 2048 ,
775 2007 938 2055 neque
963 1990 1040 2035 hic
1068 2004 1127 2034 es.

535 2084 563 2116 c
598 2083 634 2117 Η
669 2083 705 2116 A
741 2083 776 2116 R
809 2084 831 2116 1
865 2084 899 2116 N
939 2083 975 2116 U
1014 2081 1052 2115 s.

769 2141 929 2189 Salvos
961 2158 1096 2188 sum:
1122 2141 1432 2186 inmortalitas

157 2211 279 2258 Mihi
311 2212 417 2259 data
438 2215 517 2259 ’st:
558 2216 637 2262 hic
670 2215 786 2262 emit
817 2216 970 2263 inam:
1004 2215 1204 2276 pulchre
1237 2231 1297 2259 os
1320 2213 1432 2258 sub-

415 2286 529 2331 levit
555 2288 689 2347 patri.

164 2356 491 2417 Inpetrabilior
516 2357 603 2418 qui
627 2357 756 2407 vivat
777 2356 943 2408 nullus
966 2371 1046 2408 est.
1081 2359 1181 2415 dic,
1213 2358 1404 2404 obsecro
1423 2374 1436 2403 ι
