1618 2866
260 177 357 226 32¹2
585 157 1190 208 MERCATOR.
1416 175 1549 219 v.70

259 273 427 332 Exite,
456 271 585 318 illinc
612 269 814 332 pallium
837 268 958 316 mihi
976 269 1072 317 huc
1098 268 1229 318 ferte.

651 368 683 400 E
721 365 758 399 U
793 365 825 399 '1'
862 366 896 399 Y
931 366 959 398 C
994 365 1030 398 H
1065 365 1102 399 U
1137 365 1176 400 S·

710 427 867 484 Hem,
894 441 1027 472 nunc
1059 436 1117 472 tu
1139 425 1260 490 mihi
1284 437 1342 474 ut
1362 425 1548 490 places!

652 522 679 555 c
718 522 754 555 Η
789 520 823 554 A
860 521 893 554 R
931 521 953 554 1
989 522 1024 554 N
1061 520 1097 553 U
1133 520 1175 555 s.

265 585 484 647 Optume
503 581 757 628 adveniens
770 615 784 638 ,
813 596 961 642 puere
978 614 992 638 ,
1025 596 1139 642 cape
1155 579 1458 645 chlamydem
1476 594 1549 630 at-

526 673 622 717 que
656 655 784 700 haec.
819 653 955 700 istinc
984 665 1051 700 sta
1077 654 1203 718 illico
1220 675 1234 707 ;

266 731 357 789 Ut,
383 731 419 776 si
446 731 562 776 haec
596 743 699 774 non
730 727 823 772 sint
855 743 990 785 vera,
1021 726 1272 790 inceptum
1295 728 1389 776 hoc
1413 730 1551 776 itiner

523 802 745 864 perficere
776 816 1017 861 exsequar.

655 893 685 925 E
723 892 758 924 U
799 892 830 924 T
868 893 902 925 Y
940 892 967 924 C
1003 890 1039 924 H
1073 891 1110 924 U
1146 891 1186 926 S.

266 953 381 1000 Non
410 952 530 998 mihi
560 951 743 998 credis?

658 1039 684 1070 c
724 1037 758 1070 Η
793 1037 828 1070 A
862 1038 896 1072 R
931 1038 951 1071 1
986 1039 1020 1071 N
1057 1037 1093 1071 U
1130 1038 1168 1073 s.

495 1098 675 1145 Omnia
693 1098 921 1160 equidem
953 1099 1095 1146 credo
1108 1135 1122 1158 ,
1147 1116 1270 1163 quae
1288 1099 1400 1147 dicis
1416 1100 1551 1147 mihi.

267 1172 362 1220 Sed
390 1173 511 1235 quin
540 1173 800 1219 introducis
827 1190 906 1219 me
935 1173 996 1219 ad
1023 1191 1156 1232 eam,
1185 1185 1245 1222 ut‘
1262 1174 1487 1222 videam?

655 1268 1185 1303 EUTYCHUS.

1139 1329 1376 1392 Paulisper
1397 1344 1551 1376 mane.

656 1413 683 1445 c
722 1412 758 1445 Η
793 1411 828 1444 Α
865 1412 901 1445 R
934 1413 958 1446 1
993 1413 1028 1446 Ν
1066 1412 1100 1446 U
1139 1413 1178 1448 s.

267 1471 404 1542 Quid
427 1472 667 1519 manebo?

654 1556 685 1589 E
723 1556 759 1589 U
797 1557 829 1590 T
865 1557 901 1590 Y
936 1558 964 1591 c
1001 1558 1036 1591 Η
1074 1558 1109 1591 U
1146 1558 1184 1592 s.

627 1617 843 1678 Tempus
871 1633 974 1664 non
1002 1607 1070 1665 esi·
1095 1619 1386 1667 introeundi.

654 1710 1167 1747 CHARINUS.

982 1813 987 1814 ⁷
1370 1766 1546 1814 Enicas.

655 1841 1186 1878 EUTYCHUS.

267 1901 381 1948 Non
409 1917 510 1963 opu
525 1901 580 1947 ’st
595 1934 608 1958 ‚
628 1901 827 1961 inquam
842 1936 856 1959 ,
875 1918 1007 1948 nunc
1027 1902 1153 1949 intro
1176 1913 1224 1949 te
1248 1903 1328 1949 ire.

656 1994 683 2026 c
719 1991 824 2027 ΗΑ
863 1996 898 2029 R
933 1996 954 2028 1
988 1997 1023 2029 N
1051 1996 1093 2029 U
1129 1996 1169 2030 s.

322 2136 380 2167 ua
409 2119 596 2166 caussa?
1117 2058 1370 2121 Responde
1400 2058 1546 2138 ruihi,

268 2120 318 2190 Q
654 2197 685 2230 13
722 2196 756 2228 u
794 2197 826 2230 T
861 2199 894 2231 Y
931 2199 957 2231 c
995 2199 1028 2232 H
1064 2199 1099 2233 u
1135 2201 1175 2235 s.

319 2256 520 2318 *Operae
549 2271 652 2303 non
684 2266 763 2301 est.
795 2255 800 2267 ¹

653 2345 1164 2384 CHARINUS.

702 2405 830 2453 Cur?
