1618 2866
234 159 312 224 με
594 149 1165 200 CURCULIQ
1394 167 1534 226 „w

515 320 520 328 1
578 275 607 308 Ρ
647 274 683 307 Α
721 272 752 306 L
787 272 809 304 1
843 272 878 305 N
913 270 951 304 U
983 273 1018 307 R
1054 271 1091 306 U
1127 272 1167 306 s.

248 330 405 395 Etiam
433 344 554 391 mihi
585 357 785 405 quoque
815 339 1011 386 stimulo
1037 339 1201 387 fodere
1231 339 1370 388 lubet
1394 349 1460 386 te.

558 447 587 479 P
626 445 659 478 H
694 444 730 477 A
768 445 799 478 E
834 445 871 477 D
906 446 940 479 R
976 444 1010 477 Ο
1046 444 1091 478 Μ
1124 444 1162 478 U
1198 443 1238 479 S.

203 532 212 537 ”
245 521 404 576 Tace,
437 516 551 563 noli.
940 512 942 515 ⁸
1276 533 1302 560 ο

596 609 624 642 Ρ
666 607 701 640 A
737 607 766 640 L
803 608 824 640 1
861 608 893 640 N
933 607 970 639 U
1004 608 1038 641 R
1074 608 1110 658 U
1149 607 1188 641 s.

562 678 735 723 Taceo.
761 692 868 722 ecce
891 686 1053 722 autem
1073 676 1198 722 bibit
1219 691 1375 727 axcus3
1399 674 1538 738 pluet

248 753 404 800 Credo
436 752 592 798 hercle
624 749 781 796 hodie.

552 843 1233 880 PHAEDROMUS.

698 916 868 975 Jamne
887 933 974 981 ego
994 915 1107 962 huic
1128 913 1273 960 dico?

605 1007 1194 1043 PALINURUS.

1207 1072 1536 1146 Quiddices?

559 1168 1242 1205 PHAEDROMUS.

247 1235 328 1282 Me
355 1233 555 1297 periisse.

605 1318 634 1350 Ρ
673 1316 707 1349 Α
742 1317 770 1349 L
809 1317 829 1348 1
866 1317 900 1349 N
937 1310 1042 1350 ΠΡ
1077 1316 1113 1349 U
1149 1316 1187 1350 s.

643 1385 745 1449 Age
774 1385 891 1430 dice.

550 1481 579 1513 P
618 1480 653 1513 H
688 1480 723 1513 A
758 1480 788 1512 E
824 1479 859 1511 D
896 1479 931 1512 R
969 1479 1001 1512 o
1038 1478 1081 1511 M
1117 1477 1153 1510 U
1189 1476 1228 1510 s.

949 1550 1111 1618 Anusp
1133 1547 1259 1596 audi.
1282 1547 1376 1595 hoc
1401 1549 1516 1595 volo

247 1626 371 1675 Scire
398 1637 474 1684 te,
503 1624 714 1687 perditus
747 1640 855 1670 sum
886 1624 1038 1671 miser.

755 1720 787 1754 L
821 1720 851 1752 Ε
890 1721 923 1754 Ν
960 1721 1010 1753 A.
1603 1758 1618 1763 V

1026 1786 1099 1844 ,At
1124 1788 1210 1849 pol
1232 1801 1321 1850 ego
1348 1783 1531 1849 oppid‘o

248 1863 448 1911 Servata.
480 1862 562 1907 sed
580 1860 700 1922 quid
719 1872 785 1907 est
802 1896 816 1920 ,
837 1861 957 1923 quid
979 1861 1118 1908 lubet
1138 1859 1384 1923 perditum

246 1935 416 1984 Dicere
440 1945 488 1980 te
515 1950 607 1980 esse
627 1933 648 1978 ?

553 2026 582 2059 Ρ
621 2025 656 2059 Η
692 2026 727 2058 A
762 2025 791 2057 Ε
828 2026 864 2059 D
899 2027 933 2060 R
969 2027 1001 2059 0
1037 2026 1081 2059 M
1117 2025 1154 2058 u
1189 2022 1226 2058 s.

667 2090 796 2160 Quia
824 2090 902 2148 id,
933 2091 1070 2152 quod
1094 2105 1231 2146 amo,
1251 2103 1398 2134 careo.

761 2190 1011 2225 LENA.

245 2260 538 2308 Phaedrome
566 2261 663 2317 mi,
690 2277 752 2307 ne
773 2263 908 2323 plora
923 2296 936 2320 ,
960 2261 1145 2308 amabo.
1178 2271 1234 2307 tu
1257 2277 1338 2308 me

247 2335 422 2384 Curato
442 2352 505 2383 ne
528 2335 702 2386 sitiam;
732 2328 820 2400 eg'o
843 2336 934 2383 tibi
947 2370 962 2394 ,
986 2335 1123 2398 quod
1145 2353 1295 2397 amas,
1307 2336 1410 2401 jam
1426 2332 1525 2382 huc

498 2406 747 2454 adducam.
