1618 2866
69 233 211 285 ww
341 215 631 264 ACTUS
681 216 803 262 111.
854 215 959 264 SC.
1011 217 1088 264 11.
1253 228 1351 277 521.=

523 336 556 369 Τ
591 337 625 370 R
662 337 697 369 A
732 337 767 371 N
801 337 824 370 1
868 336 917 369 Ο.

71 395 121 444 Si
146 395 300 444 abitus
331 407 442 442 tuus
475 394 591 452 tibi,
625 411 768 442 senex
780 383 804 454 ,²
827 395 989 441 fecerit
1015 393 1138 439 male
1154 426 1170 450 ,

71 469 202 515 Nihil
234 469 346 526 erit,
384 468 521 529 quod
548 468 765 514 Deorum
795 469 951 514 ullum
984 466 1231 513 accusites:

70 543 144 588 Te
171 543 268 604 ipse
291 542 400 606 jure
436 553 640 604 optumo
671 542 840 588 merito
874 541 1052 587 incuses
1078 539 1204 585 licet.

72 615 286 675 Tempus
312 631 442 661 nunc
474 626 542 660 est
569 630 731 661 senem
756 614 886 660 hunc
915 612 1095 673 alloqui
1117 610 1248 656 mihi.

71 685 183 731 Hoc
213 686 378 731 habet:
407 686 584 747 reperi,
615 686 702 747 qui
731 702 892 732 senem
922 685 1176 731 ducerem:

72 757 190 826 Quo
216 757 330 803 dolo
357 775 383 804 a
402 774 482 803 me
517 757 733 805 dolorem
759 760 929 821 procul
961 758 1204 819 pellerem.

73 827 320 874 Accedam.
357 827 439 874 Dii
471 840 518 873 te
545 841 706 876 ament
735 831 1032 892 plurimum,
1061 826 1208 874 Simo.

586 914 609 947 s
645 916 665 948 1
703 916 745 948 M
782 917 830 949 ο.

73 963 233 1013 Salvos
265 966 321 1012 sis
338 1000 351 1023 ‚
384 964 573 1011 Tranio.

525 1046 920 1080 TRANIOs

582 1106 647 1152 Ut
677 1097 799 1152 vales
812 1107 835 1151 Ρ

594 1190 616 1224 s
652 1192 672 1223 1
708 1193 752 1225 M
790 1192 836 1225 ο.

852 1244 964 1290 Non
991 1245 1128 1291 male.

83 1309 376 1379 Quidagis?

530 1388 561 1420 T
596 1390 629 1422 R
664 1390 699 1423 A
737 1389 771 1422 N
807 1389 827 1421 1
866 1389 915 1421 Ο.

329 1445 591 1494 Hominem
620 1459 881 1510 optumum
913 1460 1070 1495 teneo.

594 1540 618 1574 s
653 1541 674 1574 1
710 1542 753 1575 M
792 1542 839 1575 o.
1193 1586 1198 1591 ⁷

269 1605 280 1617 ·
1026 1592 1191 1640 Amice
1222 1591 1356 1649 facis,

76 1654 248 1726 Quom
280 1673 359 1703 me
390 1658 562 1704 laudas.

528 1745 559 1776 Τ
595 1746 629 1778 R
663 1745 698 1776 A
732 1745 765 1777 Ν
799 1745 820 1777 1
858 1745 908 1778 o.

579 1804 733 1851 Decet
766 1817 904 1852 certe.

593 1889 835 1924 slMo.

917 1943 1091 1989 Hercle
1117 1954 1165 1988 at
1189 1953 1237 1988 te
1267 1957 1355 2005 ego

82 2001 226 2049 Haud
248 2004 436 2051 bonum
460 2016 602 2052 teneo
635 2024 833 2054 servom.

535 2093 567 2124 T
601 2093 635 2126 R
670 2092 705 2125 A
740 2094 774 2126 N
808 2093 829 2124 1
869 2093 918 2125 o.

760 2151 898 2221 Quid
925 2151 990 2197 ita
1023 2168 1162 2209 vero,
1190 2143 1357 2196 Simo?

599 2237 621 2271 s
659 2238 681 2270 1
715 2238 758 2270 Μ
798 2237 847 2269 ο.

86 2292 222 2361 Quid
252 2309 406 2352 nunc,
435 2312 580 2356 quam
608 2297 764 2343 mox?

536 2383 914 2417 TRANIO.

675 2440 941 2510 Quidest?
