1618 2866
273 153 372 213 416
525 149 774 197 MILES
821 151 1317 259 GLORIOSUS.
1436 172 1564 220 v.19

274 256 435 310 Vidua
454 267 500 302 et
520 267 673 317 nupta
697 272 789 302 esse
813 257 1012 304 eadem?

578 342 608 374 P
650 341 685 376 A
721 342 752 374 L
789 342 823 375 A
860 343 891 376 E
930 343 952 377 S
990 343 1022 376 T
1055 345 1090 378 R
1126 343 1147 377 Ι
1185 345 1242 380 0.

597 401 727 471 Quia
753 403 1023 449 adulescens
1050 405 1202 466 nupta
1215 404 1270 451 ’st
1292 422 1405 454 cum
1434 423 1557 456 sene.

467 483 1403 534 PYR'GOPJOLINICES„

268 557 432 625 Euge!

585 635 614 667 P
651 635 687 667 A
722 634 753 666 L
789 633 825 667 A
861 634 892 667 Ε
929 635 952 668 s
992 634 1023 668 T
1058 635 1092 668 R
1127 636 1148 668 1
1185 635 1235 669 o.

396 695 580 757 Lepida
613 706 660 740 et
685 694 864 741 liberali
895 695 1047 742 forma
1073 708 1153 743 est.
1197 719 1202 722 ·

457 774 1363 826 PYRGoPOLIN'IcEs.

1085 850 1210 897 Cave
1232 852 1557 904 mendacium.

575 935 604 968 P
646 935 680 967 A
717 935 748 967 L
785 935 820 968 A
858 936 888 968 E
926 935 949 969 S
986 937 1017 969 T
1052 937 1088 971 R
1121 937 1143 970 1
1179 938 1228 972 Ο.

262 998 341 1046 Ad
357 1009 491 1044 tuam
508 995 712 1042 formam
730 995 808 1040 illa
826 1012 923 1041 una
941 995 1085 1060 digna
1107 1009 1188 1044 est.

459 1091 1374 1129 PYRGOPOLINICES.

848 1154 1020 1200 Hercle
1038 1155 1287 1217 pulchram
1301 1155 1550 1219 praedicas.

261 1224 358 1271 Sed
380 1222 485 1284 quis
514 1237 567 1266 ea
582 1220 670 1265 'sti'
1303 1280 1312 1291 .

592 1308 619 1340 P
657 1306 692 1338 A
727 1306 758 1338 1.
797 1305 831 1338 A
867 1305 898 1338 Ε
936 1303 959 1338 8
997 1305 1028 1337 Τ
1061 1306 1099 1342 R
1135 1305 1156 1338 1
1195 1305 1246 1338 o.

351 1368 482 1415 Senis
499 1367 638 1430 hujus
658 1381 781 1410 uxor
797 1365 1194 1425 Periplectomeni
1211 1366 1262 1412 in
1277 1383 1519 1429 proxumo
1532 1403 1550 1430 ,

258 1445 327 1492 Ea
362 1441 624 1488 demoritur
659 1450 706 1484 te
726 1473 740 1495 ,
782 1449 928 1498 atque
964 1438 1023 1483 ab
1062 1438 1144 1484 illo
1180 1440 1349 1502 incipit
1387 1442 1547 1490 abire:

518 1514 622 1561 odit
650 1529 824 1558 senem.
1068 1506 1073 1509 ’

259 1592 402 1639 Nunc
424 1601 473 1636 te
497 1605 626 1635 oraIe
657 1598 803 1648 atque
831 1585 1069 1632 obsecrare
1095 1586 1265 1651 jussit,
1282 1598 1345 1634 -ut
1366 1588 1438 1634 tui
1465 1604 1546 1636 co-

512 1663 642 1724 piam

256 1737 357 1785 Sibi
387 1746 771 1798 potestatemque
800 1732 946 1780 facias,

453 1819 1368 1855 PYRGOPOLINICES.

596 1880 752 1941 Cupio
783 1880 936 1925 hercle
970 1880 1227 1940 equidem,
1258 1882 1295 1928 si
1323 1882 1401 1927 illa
1423 1884 1540 1930 volt.

576 1967 605 2000 P
641 1966 678 1998 A
713 1966 744 1998 L
781 1965 816 1997 A
851 1965 882 1997 E
921 1964 943 1997 s
983 1965 1014 1998 ‘r
1050 1967 1084 1999 R
1120 1967 1141 1998 1
1180 1967 1227 2000 o.

250 2032 391 2102 Quae
420 2027 573 2090 cupit!

444 2110 1342 2148 PYRGOPOLINIGES.

351 2173 490 2242 Quid
509 2173 587 2218 illa
607 2171 829 2217 faciemus
847 2172 1137 2230 concubina,
1159 2191 1282 2234 quae
1302 2175 1436 2221 domi
1449 2176 1503 2222 ’st
1515 2176 1539 2222 Ξ)

575 2259 603 2291 Ρ
642 2258 676 2290 A
712 2259 742 2290 L
779 2258 813 2289 A
849 2257 878 2289 E
916 2257 938 2290 s
975 2258 1006 2291 T
1042 2260 1075 2292 R
1112 2260 1132 2291 1
1170 2260 1217 2293 ο.

250 2321 387 2392 Quin
420 2331 476 2367 tu
510 2320 639 2364 illam
668 2318 788 2382 jube
827 2317 906 2366 abs
943 2330 991 2367 te
1031 2320 1158 2369 abire
1176 2355 1192 2382 ,
1234 2338 1334 2384 quo
1368 2317 1532 2371 lubet:

509 2404 626 2441 sxcut
657 2409 785 2439 soror
