1618 2866
231 193 339 253 ‘1500
469 177 1265 232 MOSTELLARIA.
1398 183 1526 235 v.8o

235 285 423 334 Faciam
440 320 454 343 ,
487 286 624 347 quod
651 286 794 332 credo
825 298 1018 335 mortuo
1045 305 1315 352 numquam
1342 292 1457 339 fore.

231 359 508 406 Concedam
526 375 551 404 a
572 357 751 406 foribus
768 360 891 418 huc,
907 361 1020 408 hinc
1037 363 1312 424 speculabor
1331 366 1522 427 procul,

229 432 374 480 Unde
399 432 674 479 advenienti
698 433 924 498 sarcinam
953 435 1187 497 inponam
1218 438 1330 484 seni.

614 581 946 630 SCENA
1021 584 1123 630 II.

225 712 1025 752 THEUROPIDES,
1099 704 1546 762 TRANJOJ'

520 840 1237 879 THEUROPID‘ES.

221 895 336 1009 H
350 972 511 1007 ΑΒΕο
530 994 544 1018 ,
570 959 829 1021 Neptune,
858 960 1052 1025 gratiam
1077 976 1298 1026 magnam
1326 963 1446 1022 tibi,

224 1036 396 1104 Quom
423 1051 504 1082 me
537 1034 730 1081 amisisti
766 1050 792 1079 a
811 1037 867 1080 'te
899 1034 982 1081 vix
1015 1034 1180 1081 vivom
1203 1035 1369 1083 modo.

220 1108 405 1155 Verum
434 1108 471 1154 si
502 1107 698 1169 posthac
729 1122 808 1151 me
838 1105 1015 1167 pedem
1042 1107 1194 1152 latum
1227 1108 1380 1155 modo

220 1182 345 1229 Scies
376 1181 600 1243 inposisse
628 1180 679 1225 in
709 1178 917 1236 undam,
946 1179 1077 1226 haud
1100 1196 1253 1227 caussa
1278 1181 1406 1228 illico
1426 1182 1537 1243 ’st·,‘

224 1254 380 1324 Quod
415 1268 547 1298 nunc
579 1251 771 1298 voluisti
808 1251 958 1298 facere
977 1286 991 1310 ‚
1017 1253 1137 1313 quin
1163 1252 1298 1299 facias
1329 1254 1464 1300 mihi.

219 1328 408 1390 Apage,
427 1341 572 1389 apage
589 1335 637 1370 te
660 1342 685 1370 a
705 1341 799 1370 me.
823 1341 956 1372 nunc
966 1327 1067 1390 jam
1084 1337 1193 1393 post
1207 1328 1337 1375 hunc
1358 1328 1506 1389 diem,

217 1399 374 1471 Quod
408 1398 668 1446 crediturus
697 1397 787 1444 tibi
819 1397 924 1456 fui,
961 1415 1108 1447 omne
1137 1400 1330 1448 credidi.

673 1484 706 1517 Τ
741 1485 775 1518 R
811 1483 846 1517 A
883 1484 918 1517 N
951 1484 975 1517 Ι
1010 1485 1058 1518 ο.

213 1546 435 1608 Edepol,
463 1544 726 1606 Neptune,
753 1544 1006 1605 peccavisti
1033 1545 1218 1609 largiter
1232 1579 1248 1603 ‚

214 1620 318 1690 Qui
343 1618 638 1666 occasionem
671 1617 794 1663 hanc
825 1616 1016 1662 amisisti
1038 1627 1138 1662 tam
1158 1618 1354 1664 bonam.

507 1710 1229 1745 THEUROPIDES.

210 1773 442 1821 Triennio
474 1782 584 1834 post
607 1771 830 1836 Aegypto
864 1771 1067 1819 advenio
1102 1770 1337 1830 domum,

209 1844 368 1892 Credo
387 1878 401 1902 ,
436 1853 728 1903 exspectatus
759 1842 950 1888 veniam
983 1842 1299 1889 familiaribus.

665 1926 696 1958 T
732 1927 766 1959 R
802 1927 836 1958 A
872 1927 905 1960 Ν
942 1927 964 1958 1
1003 1926 1055 1959 o„

211 1989 376 2036 Nimio
407 1987 583 2049 edepol
612 1987 692 2032 ille
716 1986 878 2047 potuit
909 1987 1219 2046 exspectatior

203 2061 382 2114 „Venire
402 2095 417 2120 ‚
445 2062 532 2122 qui
559 2071 607 2106 te
631 2058 869 2105 nuntiaret
894 2069 1158 2105 mortuum.

497 2141 1209 2178 THEUROPIDES.

203 2208 298 2256 Sed
327 2207 448 2268 quid
478 2207 609 2253 hoc?
640 2206 824 2252 occlusa
852 2205 997 2268 janua
1015 2204 1069 2249 ’st
1097 2202 1364 2250 interdius?

202 2281 421 2330 Pultabo.
453 2282 596 2339 heus,
625 2279 784 2342 ecquis
817 2278 920 2325 istas
951 2278 1099 2340 aperit
1127 2278 1195 2324 mi
1230 2277 1401 2324 foris&-

653 2364 685 2397 Τ
723 2365 756 2398 R
792 2363 828 2396 A
862 2364 896 2397 N
930 2363 951 2396 1
988 2364 1037 2397 o.

196 2427 322 2498 Quis
342 2427 492 2479 homo
511 2426 566 2474 ’st
581 2459 596 2486 ,
621 2424 707 2488 qui
734 2435 910 2472 nostras
932 2423 1057 2476 aedis
1084 2420 1270 2471 accessit
1298 2421 1481 2485 prope?
