1618 2866
0 2305 8 2404 ἰ

89 694 185 742 Sed
213 690 333 757 quid
359 697 421 743 ais
438 697 460 742 Ξ)

84 241 211 285 v.51
407 220 698 270 ACTUS
743 220 919 269 I.SC.
968 222 1046 268 11.
1266 240 1354 283 157

376 344 419 378 M
453 345 484 378 Ε
520 345 552 378 Ν
587 344 622 378 A
658 344 688 377 Ε
726 344 753 376 c
791 343 826 377 H
860 343 904 377 Μ
938 341 975 375 U
1010 343 1050 377 s.

89 396 348 468 Quidum?

258 530 266 532 V
426 486 454 518 P
491 486 519 517 E
556 485 589 517 N
623 485 646 517 1
680 483 709 515 c
745 483 780 517 U
814 483 845 516 Ι.
881 481 917 514 U
953 481 992 515 s.

264 542 337 589 Ne
359 555 407 590 te
428 561 550 591 uxor
569 554 790 605 sequatur
803 576 819 600 ,
838 554 1064 605 respectas
1086 540 1360 591 identidem.

381 634 1058 671 MENAECHMUS.

430 782 458 814 P
493 781 524 813 E
562 781 597 814 N
632 780 653 812 1
691 779 717 812 c
756 778 792 812 U
826 778 858 811 1.
893 779 930 812 U
967 779 1006 813 s.

348 838 547 903 Egone?
573 837 624 883 id
651 837 781 884 enim
804 837 940 899 quod
970 850 1027 884 tu
1056 837 1151 895 vis,
1185 836 1236 883 id
1259 839 1370 904 aio,

910 921 1056 971 atque
1080 910 1133 955 id
1163 926 1300 975 nego.

380 995 424 1028 M
458 997 487 1028 Ε
527 997 561 1029 N
599 995 632 1028 Α
669 997 699 1028 Ε
738 997 765 1028 c
803 996 838 1028 Η
873 997 916 1029 Μ
951 996 986 1028 U
1024 996 1062 1029 s.

95 1054 282 1116 Ecquid
295 1066 348 1101 tu
367 1055 427 1101 de
445 1055 591 1101 odore
614 1056 781 1116 possis,
806 1055 842 1101 si
859 1056 979 1116 quid
995 1055 1117 1102 forte
1134 1056 1366 1114 effeceris,

95 1125 262 1172 Facere
293 1128 647 1191 conjecturam?

442 1213 470 1244 P
508 1212 538 1244 Ε
576 1214 607 1245 Ν
644 1212 663 1244 1
700 1212 727 1244 c
764 1211 799 1243 U
836 1211 867 1244 1,
904 1211 939 1243 U
975 1210 1015 1245 s.

512 1273 717 1334 Captum
746 1271 803 1317 sit
832 1271 1089 1334 collegium
1117 1286 1365 1334 augurum.

387 1365 1058 1400 MENAECHMUS.

34 1409 39 1412 Ι
99 1422 319 1492 Agedum
348 1427 543 1473 odorare
565 1427 686 1472 hanc
714 1442 861 1486 quam
885 1442 973 1490 ego
1001 1424 1155 1471 habeo
1180 1426 1368 1486 pallam.

351 1499 472 1561 quid
495 1500 592 1545 olet
604 1499 626 1544 Ρ
649 1497 880 1544 abstines?

452 1595 480 1626 P
514 1595 544 1626 Ε
582 1596 614 1627 Ν
650 1594 672 1626 1
708 1594 735 1625 c
771 1592 807 1624 U
842 1592 872 1624 1.
909 1592 943 1624 U
980 1591 1020 1627 S.

102 1654 358 1702 Summum
397 1657 614 1703 olfactare
656 1665 845 1716 oportet
888 1654 1227 1700 vestimentum
1263 1670 1373 1699 mu-

352 1730 496 1776 liebte
512 1764 526 1786 ,

102 1800 228 1847 Nam
262 1818 323 1847 ex
357 1803 472 1848 istoc
505 1804 613 1848 loco
644 1811 888 1863 spurcatur
918 1795 1087 1846 nasum
1118 1799 1265 1846 odore
1299 1800 1373 1846 in-

354 1875 543 1920 lutibili.

289 1983 302 1996 .
395 1957 1063 1993 MENAECHMUS.

109 2015 294 2064 Olfacta
316 2019 456 2082 igitur
476 2019 587 2064 hinc
600 2053 617 2078 ,
634 2018 857 2064 Penicule
872 2017 1043 2078 lepide.
1067 2028 1123 2064 ut
1138 2017 1332 2063 fastidis!

384 2107 1020 2160 >PENIGULUS.

1214 2159 1378 2206 Decet.

397 2237 1072 2274 MENAEGHMUS.

66 2275 76 2284 ο
114 2297 250 2369 Quid
272 2299 444 2362 igitur?
474 2300 592 2360 quid
614 2300 743 2346 olet?
765 2299 1009 2360 responde.

464 2382 492 2414 P
526 2383 555 2415 Ε
590 2385 622 2416 Ν
658 2385 678 2416 1
713 2384 740 2417 c
776 2383 811 2415 U
846 2383 876 2415 1.
910 2382 947 2414 U
984 2381 1021 2414 s.

598 2442 825 2497 Furtum,
855 2452 1088 2501 scortum,
1109 2439 1379 2500 prandium.
