1618 2866
216 141 312 204 538
442 141 1238 199 MOSTELLARIA.
1404 170 1500 219 v.3

164 310 168 313 μ
577 266 606 299 Ρ
642 267 677 300 H
713 267 746 300 A
784 269 818 300 N
856 267 878 300 1
916 267 938 301 s
975 269 1002 301 c
1039 268 1075 301 U
1112 269 1150 303 s.

216 322 338 370 Mihi
375 340 494 370 sum.
525 326 646 372 libet
678 343 785 373 esse.
822 327 942 389 quid
971 328 1023 374 id
1056 330 1222 376 curas?

669 413 690 446 S
728 414 758 446 E
796 415 829 447 R
866 415 903 449 V
944 415 979 447 U
1016 415 1056 449 S.

215 471 442 519 Manesne
468 475 596 522 illico
614 510 626 533 ‚
665 475 838 538 inpure
870 476 1120 539 parasite?'

578 561 606 593 P
643 562 678 594 Η
718 562 752 595 Α
789 563 824 596 N
860 563 881 594 1
921 562 943 596 s
980 564 1007 596 c
1046 561 1081 595 U
1117 561 1155 596 s.

216 620 321 690 Qui
354 621 576 683 parasitus
605 623 744 668 sum?

670 709 692 742 S
731 709 759 741 E
797 710 830 742 R
867 709 904 744 V
941 710 976 742 U
1017 709 1054 743 S.

766 770 867 834 Ego
897 771 1027 816 enim

223 837 417 886 Dicam:
461 841 570 888 cibo
602 841 800 904 perduci
830 844 1010 905 poteris
1044 843 1228 904 quovis.

227 911 456 960 Ferocem
478 915 586 962 facis
602 950 616 973 ‚
645 916 758 977 quia
786 927 834 962 te
856 917 996 963 herus
1024 927 1124 962 tam
1153 924 1291 962 amat.

582 1001 1159 1037 PHANISCUS.
1347 1050 1480 1099 vah.

223 1119 368 1167 Oculi
404 1119 585 1167 dolent.

675 1197 698 1231 S
734 1198 764 1230 E
801 1200 835 1232 R
872 1198 909 1233 V
947 1196 983 1230 U
1021 1195 1060 1230 S.

624 1257 758 1303 Cur?

583 1342 613 1374 P
650 1342 684 1375 H
720 1342 755 1375 A
790 1343 825 1376 N
861 1344 882 1376 1
919 1343 940 1376 s
982 1344 1008 1376 c
1049 1343 1084 1375 U
1122 1341 1160 1376 s.

775 1403 904 1472 Quia
935 1402 1097 1450 fumus
1130 1404 1370 1450 molestus.

690 1486 713 1520 s
750 1487 780 1520 E
818 1488 851 1520 R
887 1488 923 1522 V
966 1488 1001 1521 U
1038 1488 1075 1521 s.

227 1547 352 1594 Tace
383 1547 467 1606 sis,
493 1546 655 1606 faber,
690 1547 776 1609 qui
807 1547 981 1595 cudere
1011 1549 1127 1595 soles
1157 1547 1413 1610 plumbeos

231 1620 487 1666 Nummos.

591 1697 1168 1732 PHANISCUS.

518 1757 633 1804 Non
662 1769 798 1819 potes
828 1769 884 1804 tu
917 1773 1083 1822 cogere
1115 1774 1222 1815 me,
1260 1768 1316 1803 ut
1337 1757 1428 1803 tibi

236 1828 531 1876 Maledicam.
557 1831 861 1882 novitvherus
894 1847 988 1876 me.

695 1915 718 1949 S
756 1916 786 1948 E
822 1916 856 1948 R
892 1915 929 1949 V
967 1915 1004 1947 U
1040 1914 1078 1948 S.

1031 1974 1175 2020 Suam

241 2049 457 2119 Quidem
484 2050 570 2112 pol
601 2048 888 2095 culcitellam
925 2058 1129 2108 oportet.

599 2135 628 2168 P
665 2134 700 2168 H
735 2133 770 2167 A
805 2134 837 2167 N
874 2133 895 2166 1
933 2132 955 2167 S
995 2133 1021 2166 C
1060 2132 1095 2165 U
1133 2131 1173 2166 S·

1154 2190 1203 2238 Si
1231 2189 1419 2249 sobrius,
1439 2190 1527 2247 sis,

244 2258 369 2306 Male
403 2275 506 2306 non
540 2259 675 2306 dicas·

701 2334 724 2370 S
759 2336 790 2369 E
825 2337 859 2370 R
894 2335 933 2370 V
972 2333 1008 2366 U
1043 2332 1081 2366 S.

612 2397 726 2446 Tibi
749 2397 1109 2460 obtemperem,
1143 2410 1296 2456 quom
1328 2403 1385 2439 tu
1409 2388 1528 2436 mihi
