1618 2866
260 211 351 256 134
643 195 1169 246 EPIDICUS.
1401 165 1533 253 v.26

480 315 1306 356 STRATIPPOCLES.

252 376 645 423 Pernumeratum
667 388 746 423 est.

661 471 695 503 D
739 470 771 502 A
809 473 841 504 N
878 473 898 504 I
937 471 958 504 S
997 472 1028 504 T
1064 472 1114 505 A.

552 531 688 577 Tene
710 534 971 580 cruminam
991 534 1123 601 :Jiuc
1142 534 1267 581 inde.

479 629 1307 666 STRATIPPOCLES.

1129 691 1372 754 Sapienter
1389 691 1532 739 venis.

253 764 509 827 Opperire‚
530 766 646 813 dum
667 767 808 813 effero
829 767 890 813 ad
912 779 959 813 te
981 775 1242 832 argentum.

660 868 1110 902 DANISTA.

1137 929 1334 974 Matura.

477 1018 1299 1054 STRATIPPOCLES.

1270 1080 1581 1127 Domiest.-

637 1159 1130 1193 EPIDICUS.

251 1222 392 1272 Satin’
428 1242 514 1290 ego
547 1227 692 1272 oculis
723 1227 977 1274 utilitatem
1007 1228 1202 1274 obtineo
1229 1227 1432 1283 sincere,
1467 1241 1539 1340 an

504 1303 705 1361 parum?

248 1371 286 1418 E
314 1372 530 1433 Philippa
559 1384 706 1418 matre
727 1386 885 1419 natam
921 1392 946 1419 a
977 1375 1183 1432 Thebis,
1210 1373 1435 1436 Epidauri
1462 1390 1526 1419 sa·-

245 1514 447 1565 Videon’
476 1455 877 1581 εἶξιἹῖεΙεεῑίἀεω
904 1529 976 1575 te,
1005 1518 1255 1580 Periphani
1285 1517 1467 1563 filiam?

718 1615 754 1649 V
791 1616 810 1648 1
846 1616 879 1648 R
905 1616 949 1648 ‘G
993 1616 1041 1648 o.

246 1671 363 1739 Quis
394 1684 450 1718 tu
476 1675 624 1722 homo
656 1693 727 1733 es,
766 1677 853 1737 qui
873 1662 1039 1722 meum
1060 1686 1315 1738 parentum
1337 1689 1518 1722 nomen

495 1764 751 1807 memoras,
788 1761 835 1795 et
861 1750 1060 1795 meum?

628 1843 659 1874 E
695 1843 723 1876 P
759 1845 779 1877 1
817 1845 851 1877 D
888 1845 909 1878 1
946 1844 972 1876 c
1009 1843 1044 1876 U
1081 1843 1118 1877 s.

183 1948 187 1950 ,
240 1894 353 1942 Non
376 1914 456 1944 me
483 1902 687 1947 novisti?

713 1998 751 2032 V
787 1999 807 2031 I
845 2000 876 2032 R
914 1999 947 2032 G
986 1999 1034 2031 Ο.

365 2058 518 2126 Quod
537 2058 733 2118 quidem
757 2076 887 2105 nunc
909 2060 1066 2105 veniat
1084 2059 1134 2104 in
1153 2068 1367 2104 mentem
1384 2057 1515 2104 mihi.

623 2153 651 2184 E
689 2152 715 2183 P
753 2153 771 2184 1
809 2154 844 2185 D
882 2153 900 2185 1
937 2153 963 2184 c
1001 2151 1035 2183 U
1073 2151 1110 2184 s.
1530 2127 1534 2129 ἡ

236 2214 348 2261 Non
369 2213 626 2259 meministi
643 2229 722 2258 me
744 2229 928 2258 auream
950 2211 1010 2256 ad
1033 2222 1080 2257 te
1097 2211 1255 2257 afferre
1275 2212 1417 2258 natali
1437 2211 1513 2256 die
1556 2229 1565 2238 ·

234 2288 473 2336 Lunulam
485 2320 500 2345 ‚
520 2300 664 2348 atque
682 2287 891 2332 anellum
908 2286 1154 2331 aureolum
1172 2285 1222 2331 in
1242 2284 1478 2350 digitum?

707 2389 744 2424 V
779 2388 801 2421 1
836 2388 868 2423 R
906 2387 938 2420 G
977 2388 1025 2421 o.

1006 2447 1241 2506 Memini,
1262 2446 1331 2493 mi
1347 2446 1508 2492 homo.
