1618 2866
272 183 374 246 &fi
739 180 1075 229 PERSA
1429 200 1555 245 mv

695 300 729 335 Τ
766 304 798 337 o
837 304 873 338 Χ
910 305 931 337 1
967 305 998 338 L
1033 304 1069 337 U
1105 301 1140 337 s.

274 364 381 424 Jam
411 364 526 410 nolo
557 375 829 428 argentuxm
863 365 1008 412 filiam
1036 365 1268 414 utendam
1298 378 1430 415 tuam

245 467 250 473 ·
277 438 397 485 Mihi
431 437 503 483 da.

693 515 716 548 s
753 515 788 549 A
826 516 857 550 T
893 517 929 551 U
966 518 1000 551 R
1034 517 1056 550 1·
1094 517 1142 551 o.

439 575 718 635 Numquam
746 575 919 637 edepol
953 577 1216 638 quoiquam
1250 576 1392 624 etiam
1420 589 1559 628 uten-

1098 651 1211 697 dam
1241 652 1367 698 dedi.

691 734 723 766 T
762 734 794 768 O
830 733 864 766 X
902 735 923 767 I
959 735 990 768 L
1028 735 1064 769 U
1101 736 1136 770 S.

273 793 384 840 Non
410 794 471 839 ad
497 794 609 840 istoc
623 827 638 853 ‚
662 793 798 855 quod
823 806 879 841 tu
907 795 1155 843 insimulas.

688 887 715 922 s
751 889 787 922 A
823 888 856 921 T
890 888 927 923 U
962 890 997 924 R
1033 889 1055 922 1
1092 890 1138 924 ο.

1049 947 1187 1019 Quid
1215 964 1319 996 eam
1345 950 1445 997 vis?

693 1040 726 1073 T
767 1042 800 1076 ο
836 1041 873 1075 Χ
908 1042 929 1075 1
965 1041 997 1076 L
1032 1041 1067 1076 U
1103 1043 1141 1077 s.

1423 1094 1556 1142 Scies.

275 1161 404 1233 Quia
429 1160 579 1207 forma
607 1160 767 1223 lepida
794 1171 841 1207 et
865 1160 1044 1207 liberali
1063 1161 1127 1207 ’st.

696 1254 1143 1290 SATURIO.

1162 1306 1427 1354 Resita’st.

695 1384 1141 1419 TOXILUS.

270 1442 365 1489 Hie
387 1444 497 1489 leno
523 1459 683 1505 neque
710 1455 759 1490 te
784 1445 917 1490 novit
933 1478 947 1501 ,
979 1461 1138 1505 neque
1165 1455 1354 1510 gnatam
1383 1454 1538 1497 tuam.>

692 1538 715 1571 s
753 1538 786 1571 A
823 1538 855 1570 Τ
890 1537 925 1570 U
963 1538 996 1571 R
1031 1538 1051 1570 1
1090 1539 1134 1571 ο.

270 1605 354 1652 Me
366 1616 422 1652 ut
434 1608 684 1669 quisquam
697 1608 838 1666 norit,
851 1608 937 1653 nisi
950 1609 1047 1667 isse,
1060 1609 1143 1670 qui
1154 1608 1349 1671 praebet
1363 1609 1557 1657 cibum?

697 1694 729 1726 's
767 1694 798 1726 ο
839 1694 874 1726 Χ
910 1694 930 1726 1
965 1695 996 1727 L
1034 1694 1069 1726 U
1105 1693 1140 1727 s.

269 1749 341 1795 Ita
357 1750 421 1797 'st.
450 1751 539 1798 hoc
564 1764 619 1799 tu
648 1754 767 1799 mihi
801 1755 1002 1816 reperire
1034 1753 1281 1819 argentum
1307 1766 1451 1817 potes.

696 1849 718 1882 S
755 1849 791 1882 A
828 1849 859 1881 T
896 1848 932 1881 U
967 1851 1001 1884 R
1037 1851 1057 1882 1
1097 1851 1144 1883 O.

271 1897 428 1959 Cupio
458 1897 623 1945 hercle.

694 1977 725 2009 T
766 1978 796 2010 o
835 1977 872 2010 Χ
907 1978 927 2010 1
962 1977 992 2010 L
1024 1978 1060 2010 U
1097 1978 1131 2011 s.

643 2037 774 2083 Tum
800 2049 855 2084 tu
882 2053 961 2083 me
987 2038 1085 2084 sine
1114 2039 1242 2085 illam
1273 2039 1489 2086 vendere.

683 2132 707 2166 S
744 2133 779 2166 A
816 2133 847 2167 T
884 2133 919 2166 U
957 2135 990 2169 R
1025 2135 1046 2166 1
1083 2134 1127 2168 0.

268 2189 394 2237 Tun’
423 2191 552 2238 illam
580 2193 790 2241 vendas?

685 2286 717 2319 T
754 2287 786 2320 o
827 2288 863 2320 Χ
899 2288 919 2320 1
954 2288 985 2321 L
1022 2288 1056 2321 U
1093 2287 1127 2322 s.

818 2348 976 2393 Immo
1007 2349 1151 2394 alium
1181 2341 1443 2413 allegaverd
1519 2361 1524 2374 ³

273 2415 375 2486 Qui
402 2418 579 2464 vendat
596 2453 610 2476 ‚
641 2419 723 2480 qui
748 2436 840 2466 esse
869 2436 916 2466 se
943 2422 1244 2485 peregrinum
1271 2421 1532 2484 praedicet»-
