1618 2866
93 182 218 227 vas
358 164 655 214 -ACTUS
702 166 821 212 111.
868 163 974 213 Sc.
1018 165 1095 212 114
1272 182 1372 233 525

96 273 239 321 Nunc
254 273 365 320 hinc
390 274 667 334 exemplum
692 288 856 334 capere
883 272 988 320 volt
1002 305 1018 330 ,
1041 271 1130 318 nisi
1150 282 1207 320 tu
1222 274 1369 321 nevis»

92 424 194 472 Nae
217 427 296 473 ille
318 427 444 473 malo
463 366 906 490 quidejnlabmopjere
933 429 1209 491 exemplum
1231 428 1370 491 petit:-v

544 519 576 552 Τ
611 521 644 553 Β
678 518 714 551 A
748 519 781 552 Ν
816 519 838 551 1
874 519 922 552 o.

92 577 222 646 Quia
250 579 327 625 hic
356 579 537 626 audivit
564 595 658 624 esse
684 588 906 624 aestatem
928 579 1193 640 perbonam
1207 598 1220 625 τ

92 649 281 699 Subdiu
302 653 400 699 'coli
429 654 607 714 absque
636 651 747 699 Sole
776 667 1070 715 perpetuum
1094 653 1237 699 diem.

602 746 626 781 S
661 747 683 780 I
722 746 764 780 M
803 747 853 780 Ο.

90 806 250 856 Immo
284 808 457 872 edepol
494 825 607 856 vero
626 843 641 866 ‚
684 824 836 869 quom
878 824 1228 871 usquequaque
1257 825 1367 856 um-

343 883 427 928 bra
443 883 497 928 ’st
511 917 526 939 ‚
555 893 715 927 tamen

87 953 172 1002 Sol
200 971 383 1016 semper
410 955 487 1000 hic
514 965 581 999 est
607 968 758 1013 usque
784 970 810 997 a
840 954 970 998 mani
998 954 1059 999 ad
1085 970 1363 1016 vesperum,

85 1029 236 1096 Quasi
266 1027 503 1090 flagitator
533 1036 647 1070 astat
672 1040 823 1084 usque
854 1024 915 1069 ad
947 1025 1134 1071 ostium.

88 1099 189 1145 Nec
226 1099 346 1145 mihi
378 1098 547 1144 umbra
584 1114 785 1158 usquam
813 1098 900 1155 'st,
938 1098 1026 1143 nisi
1055 1098 1091 1143 si
1124 1098 1176 1143 in
1209 1110 1362 1160 puteo

275 1219 279 1221 .
341 1173 591 1233 quaepiam
609 1173 676 1219 ’st.

538 1257 571 1290 T
605 1258 639 1291 R
673 1256 710 1290 A
744 1257 779 1290 N
813 1257 835 1290 1
871 1257 920 1290 Ο.

85 1318 222 1388 QuId
235 1353 249 1378 ‚
266 1318 501 1365 Sarsinatis
522 1333 673 1379 ecqua
684 1318 768 1363 'sti‘
787 1318 822 1363 si
838 1317 1066 1365 Umbram
1083 1334 1186 1366 non
1201 1319 1355 1368 habes.

250 1441 258 1448 .
597 1412 620 1446 S
657 1412 678 1444 1
713 1409 756 1445 M
792 1412 841 1445 Ο.

82 1473 309 1520 Molestus
336 1488 400 1518 ne
427 1471 511 1518 sis:
547 1473 662 1518 haec
692 1483 804 1518 sunt
833 1471 953 1518 sicut
976 1471 1222 1536 praedico..

538 1558 570 1591 Τ
604 1559 638 1592 Β
675 1559 711 1591 A
744 1559 778 1591 N
811 1559 833 1591 1
868 1559 918 1591 ο.

78 1618 306 1674 Attamen
333 1619 559 1680 inspicere
592 1620 710 1665 volt.

596 1705 619 1738 S
653 1706 675 1738 I
710 1705 755 1738 M
790 1705 838 1738 Ο.

676 1774 678 1778 ’
729 1756 949 1818 Inspiciat
967 1791 983 1814 ‚
1010 1758 1046 1802 si
1072 1757 1221 1804 lubet.

82 1827 131 1876 Si
160 1830 281 1891 quid
305 1831 392 1877 erit
425 1832 556 1892 quod
582 1831 650 1877 illi
672 1831 878 1893 placeat,
902 1829 963 1876 de
989 1831 1211 1891 exemplo
1240 1846 1352 1877 meo

82 1905 187 1965 Ipse
218 1905 475 1952 aedificato.

531 1982 562 2014 Τ
595 1982 630 2015 Β
663 1980 700 2014 A
732 1982 766 2014 N
800 1979 822 2011 1
858 1981 911 2014 o.

462 2040 618 2087 Eon’?
641 2055 763 2086 voco
789 2040 885 2086 huc
906 2036 1189 2085 hominem?

587 2125 610 2158 s
645 2126 667 2158 1
702 2126 746 2158 M
781 2126 829 2159 o.

1132 2175 1158 2221 Ι
1174 2209 1190 2235 ,
1220 2191 1350 2222 voca.

519 2254 551 2287 Τ
585 2255 620 2288 R
653 2254 689 2287 A
719 2254 754 2286 N
787 2253 808 2285 1
845 2253 893 2286 ο.

80 2310 403 2358 Alexandrum
432 2329 659 2377 magnum
671 2348 687 2372 ,
720 2325 864 2374 atque
883 2310 1194 2378 Agathoclem
1215 2314 1350 2379 ajunt

328 2403 569 2435 maxumas
