<?xml version="1.0" encoding="UTF-8"?>
<!DOCTYPE html PUBLIC "-//W3C//DTD XHTML 1.0 Transitional//EN"
    "http://www.w3.org/TR/xhtml1/DTD/xhtml1-transitional.dtd">
<html xmlns="http://www.w3.org/1999/xhtml" xml:lang="en" lang="en">
 <head>
  <title>
</title>
<meta http-equiv="Content-Type" content="text/html;charset=utf-8" />
  <meta name='ocr-system' content='tesseract 3.04.00' />
  <meta name='ocr-capabilities' content='ocr_page ocr_carea ocr_par ocr_line ocrx_word'/>
</head>
<body>
  <div class='ocr_page' id='page_1' title='image "./comoediaesuperst02plauuoft_0651.png"; bbox 0 0 1618 2866; ppageno 0'>
   <div class='ocr_carea' id='block_1_1' title="bbox 69 168 1359 242">
    <p class='ocr_par' dir='ltr' id='par_1_1' title="bbox 69 168 1359 242">
     <span class='ocr_line' id='line_1_1' title="bbox 69 168 1359 242; baseline -0.005 -15"><span class='ocrx_word' id='word_1_1' title='bbox 69 172 207 242; x_wconf 57' lang='grc' dir='ltr'>ωε</span> <span class='ocrx_word' id='word_1_2' title='bbox 367 168 662 221; x_wconf 82' lang='lat' dir='ltr'><strong>AcTus</strong></span> <span class='ocrx_word' id='word_1_3' title='bbox 714 170 774 220; x_wconf 92' lang='lat' dir='ltr'>v.</span> <span class='ocrx_word' id='word_1_4' title='bbox 830 169 927 219; x_wconf 77' lang='lat' dir='ltr'>sc,</span> <span class='ocrx_word' id='word_1_5' title='bbox 982 172 1057 219; x_wconf 92' lang='lat'>11.</span> <span class='ocrx_word' id='word_1_6' title='bbox 1257 175 1359 239; x_wconf 66' lang='lat'>643</span> 
     </span>
    </p>
   </div>
   <div class='ocr_carea' id='block_1_2' title="bbox 66 277 1348 640">
    <p class='ocr_par' dir='ltr' id='par_1_2' title="bbox 66 277 1348 640">
     <span class='ocr_line' id='line_1_2' title="bbox 66 277 1345 345; baseline -0.002 -15"><span class='ocrx_word' id='word_1_7' title='bbox 66 282 170 330; x_wconf 86' lang='lat' dir='ltr'>Nec</span> <span class='ocrx_word' id='word_1_8' title='bbox 200 281 301 328; x_wconf 81' lang='lat' dir='ltr'>satis</span> <span class='ocrx_word' id='word_1_9' title='bbox 323 281 443 328; x_wconf 87' lang='lat' dir='ltr'>liber</span> <span class='ocrx_word' id='word_1_10' title='bbox 461 279 551 326; x_wconf 86' lang='lat' dir='ltr'>sibi</span> <span class='ocrx_word' id='word_1_11' title='bbox 578 278 768 326; x_wconf 76' lang='lat' dir='ltr'>videtur</span> <span class='ocrx_word' id='word_1_12' title='bbox 785 312 802 336; x_wconf 85' lang='lat'>,</span> <span class='ocrx_word' id='word_1_13' title='bbox 825 294 914 325; x_wconf 89' lang='lat' dir='ltr'>nec</span> <span class='ocrx_word' id='word_1_14' title='bbox 937 279 1040 325; x_wconf 80' lang='lat' dir='ltr'>satis</span> <span class='ocrx_word' id='word_1_15' title='bbox 1068 277 1194 345; x_wconf 85' lang='lat' dir='ltr'>frugi</span> <span class='ocrx_word' id='word_1_16' title='bbox 1212 314 1227 339; x_wconf 87' lang='lat'><strong>,</strong></span> <span class='ocrx_word' id='word_1_17' title='bbox 1255 297 1345 329; x_wconf 87' lang='lat' dir='ltr'>nec</span> 
     </span>
     <span class='ocr_line' id='line_1_3' title="bbox 329 354 705 401; baseline -0.011 0"><span class='ocrx_word' id='word_1_18' title='bbox 329 354 430 401; x_wconf 85' lang='lat' dir='ltr'>satis</span> <span class='ocrx_word' id='word_1_19' title='bbox 455 354 705 399; x_wconf 85' lang='lat' dir='ltr'><strong>honestus:</strong></span> 
     </span>
     <span class='ocr_line' id='line_1_4' title="bbox 68 424 1348 490; baseline -0.001 -17"><span class='ocrx_word' id='word_1_20' title='bbox 68 426 134 473; x_wconf 92' lang='lat' dir='ltr'>Ni</span> <span class='ocrx_word' id='word_1_21' title='bbox 159 426 212 473; x_wconf 89' lang='lat' dir='ltr'>id</span> <span class='ocrx_word' id='word_1_22' title='bbox 239 427 408 484; x_wconf 84' lang='lat' dir='ltr'>efficit,</span> <span class='ocrx_word' id='word_1_23' title='bbox 436 426 486 471; x_wconf 91' lang='lat' dir='ltr'>ni</span> <span class='ocrx_word' id='word_1_24' title='bbox 515 425 560 471; x_wconf 89' lang='lat' dir='ltr'>ei</span> <span class='ocrx_word' id='word_1_25' title='bbox 587 425 710 470; x_wconf 88' lang='lat' dir='ltr'>male</span> <span class='ocrx_word' id='word_1_26' title='bbox 731 424 881 483; x_wconf 74' lang='lat' dir='ltr'><strong>dixit,</strong></span> <span class='ocrx_word' id='word_1_27' title='bbox 908 425 959 470; x_wconf 90' lang='lat' dir='ltr'>ni</span> <span class='ocrx_word' id='word_1_28' title='bbox 981 435 1113 489; x_wconf 84' lang='lat' dir='ltr'>grato</span> <span class='ocrx_word' id='word_1_29' title='bbox 1141 425 1348 490; x_wconf 77' lang='lat' dir='ltr'>ingratus</span> 
     </span>
     <span class='ocr_line' id='line_1_5' title="bbox 328 508 642 562; baseline -0.01 -16"><span class='ocrx_word' id='word_1_30' title='bbox 328 509 540 562; x_wconf 81' lang='lat' dir='ltr'><strong>repertus</strong></span> <span class='ocrx_word' id='word_1_31' title='bbox 562 508 642 544; x_wconf 89' lang='lat' dir='ltr'>est.</span> 
     </span>
     <span class='ocr_line' id='line_1_6' title="bbox 262 595 1065 640; baseline -0.005 -9"><span class='ocrx_word' id='word_1_32' title='bbox 262 595 1065 640; x_wconf 61' lang='lat' dir='ltr'>,LEMNISELENE</span> 
     </span>
    </p>
   </div>
   <div class='ocr_carea' id='block_1_3' title="bbox 39 665 1349 1095">
    <p class='ocr_par' dir='ltr' id='par_1_3' title="bbox 39 665 1349 1095">
     <span class='ocr_line' id='line_1_7' title="bbox 67 665 1349 729; baseline -0.003 -14"><span class='ocrx_word' id='word_1_33' title='bbox 67 667 159 716; x_wconf 89' lang='lat' dir='ltr'>Pol</span> <span class='ocrx_word' id='word_1_34' title='bbox 183 667 428 715; x_wconf 85' lang='lat' dir='ltr'><strong>benefacta</strong></span> <span class='ocrx_word' id='word_1_35' title='bbox 460 677 544 711; x_wconf 87' lang='lat' dir='ltr'>tua</span> <span class='ocrx_word' id='word_1_36' title='bbox 573 681 654 711; x_wconf 89' lang='lat' dir='ltr'>me</span> <span class='ocrx_word' id='word_1_37' title='bbox 686 666 935 714; x_wconf 85' lang='lat' dir='ltr'>ho1tantur</span> <span class='ocrx_word' id='word_1_38' title='bbox 950 700 966 724; x_wconf 86' lang='lat'><strong>,</strong></span> <span class='ocrx_word' id='word_1_39' title='bbox 997 677 1085 712; x_wconf 87' lang='lat' dir='ltr'>tuo</span> <span class='ocrx_word' id='word_1_40' title='bbox 1116 676 1174 712; x_wconf 90' lang='lat' dir='ltr'>ut</span> <span class='ocrx_word' id='word_1_41' title='bbox 1193 665 1349 729; x_wconf 64' lang='lat' dir='ltr'>impe-3·</span> 
     </span>
     <span class='ocr_line' id='line_1_8' title="bbox 321 739 614 801; baseline -0.01 -15"><span class='ocrx_word' id='word_1_42' title='bbox 321 739 391 786; x_wconf 82' lang='lat' dir='ltr'>rio</span> <span class='ocrx_word' id='word_1_43' title='bbox 415 754 614 801; x_wconf 66' lang='lat' dir='ltr'>pateam.</span> 
     </span>
     <span class='ocr_line' id='line_1_9' title="bbox 483 833 1006 869; baseline -0.006 0"><span class='ocrx_word' id='word_1_44' title='bbox 483 837 516 869; x_wconf 82' lang='lat' dir='ltr'>‘r</span> <span class='ocrx_word' id='word_1_45' title='bbox 555 836 588 869; x_wconf 92' lang='lat' dir='ltr'>o</span> <span class='ocrx_word' id='word_1_46' title='bbox 626 836 664 869; x_wconf 82' lang='lat' dir='ltr'><strong>x</strong></span> <span class='ocrx_word' id='word_1_47' title='bbox 698 836 720 868; x_wconf 92' lang='lat'>1</span> <span class='ocrx_word' id='word_1_48' title='bbox 755 835 786 868; x_wconf 85' lang='grc' dir='ltr'>Ι,</span> <span class='ocrx_word' id='word_1_49' title='bbox 822 834 860 867; x_wconf 83' lang='lat' dir='ltr'>u</span> <span class='ocrx_word' id='word_1_50' title='bbox 894 833 930 867; x_wconf 89' lang='lat' dir='ltr'>s.</span> <span class='ocrx_word' id='word_1_51' title='bbox 997 855 1006 859; x_wconf 72' lang='lat'>-</span> 
     </span>
     <span class='ocr_line' id='line_1_10' title="bbox 39 902 1345 968; baseline -0.001 -17"><span class='ocrx_word' id='word_1_52' title='bbox 39 928 43 929; x_wconf 23' lang='grc' dir='ltr'><em>ν</em></span> <span class='ocrx_word' id='word_1_53' title='bbox 65 903 170 968; x_wconf 87' lang='lat' dir='ltr'>Ego</span> <span class='ocrx_word' id='word_1_54' title='bbox 195 919 303 950; x_wconf 87' lang='lat' dir='ltr'>sum</span> <span class='ocrx_word' id='word_1_55' title='bbox 332 904 421 950; x_wconf 87' lang='lat' dir='ltr'><strong>tibi</strong></span> <span class='ocrx_word' id='word_1_56' title='bbox 448 914 670 966; x_wconf 79' lang='lat' dir='ltr'>patronus</span> <span class='ocrx_word' id='word_1_57' title='bbox 704 903 845 965; x_wconf 81' lang='lat' dir='ltr'>plane</span> <span class='ocrx_word' id='word_1_58' title='bbox 866 935 882 960; x_wconf 89' lang='lat'>‚</span> <span class='ocrx_word' id='word_1_59' title='bbox 914 902 999 963; x_wconf 82' lang='lat' dir='ltr'>qui</span> <span class='ocrx_word' id='word_1_60' title='bbox 1029 902 1139 948; x_wconf 89' lang='lat' dir='ltr'>huic</span> <span class='ocrx_word' id='word_1_61' title='bbox 1164 918 1255 964; x_wconf 87' lang='lat' dir='ltr'>pro</span> <span class='ocrx_word' id='word_1_62' title='bbox 1295 913 1345 950; x_wconf 86' lang='lat' dir='ltr'>te</span> 
     </span>
     <span class='ocr_line' id='line_1_11' title="bbox 326 973 732 1040; baseline -0.005 -19"><span class='ocrx_word' id='word_1_63' title='bbox 326 987 576 1040; x_wconf 87' lang='lat' dir='ltr'>argentum</span> <span class='ocrx_word' id='word_1_64' title='bbox 605 973 732 1021; x_wconf 86' lang='lat' dir='ltr'><strong>dedi.</strong></span> 
     </span>
     <span class='ocr_line' id='line_1_12' title="bbox 68 1047 940 1095; baseline -0.001 -1"><span class='ocrx_word' id='word_1_65' title='bbox 68 1048 160 1095; x_wconf 80' lang='lat' dir='ltr'>Pto</span> <span class='ocrx_word' id='word_1_66' title='bbox 183 1047 309 1094; x_wconf 87' lang='lat' dir='ltr'><strong>hisce</strong></span> <span class='ocrx_word' id='word_1_67' title='bbox 337 1048 466 1095; x_wconf 91' lang='lat' dir='ltr'><strong>hunc</strong></span> <span class='ocrx_word' id='word_1_68' title='bbox 494 1049 608 1095; x_wconf 86' lang='lat' dir='ltr'>volo</span> <span class='ocrx_word' id='word_1_69' title='bbox 637 1047 881 1093; x_wconf 80' lang='lat' dir='ltr'>ludificari.</span> <span class='ocrx_word' id='word_1_70' title='bbox 918 1070 940 1075; x_wconf 62' lang='lat'>-</span> 
     </span>
    </p>
   </div>
   <div class='ocr_carea' id='block_1_4' title="bbox 356 1143 1343 1280">
    <p class='ocr_par' dir='ltr' id='par_1_4' title="bbox 356 1143 1343 1280">
     <span class='ocr_line' id='line_1_13' title="bbox 356 1143 1067 1184; baseline -0.007 0"><span class='ocrx_word' id='word_1_71' title='bbox 356 1147 916 1184; x_wconf 75' lang='lat' dir='ltr'><strong>LEMNISELE</strong></span> <span class='ocrx_word' id='word_1_72' title='bbox 953 1143 1067 1180; x_wconf 74' lang='grc' dir='ltr'>ΝΕ,</span> 
     </span>
     <span class='ocr_line' id='line_1_14' title="bbox 484 1214 1343 1280; baseline 0 -17"><span class='ocrx_word' id='word_1_73' title='bbox 484 1218 597 1263; x_wconf 87' lang='lat' dir='ltr'>Meo</span> <span class='ocrx_word' id='word_1_74' title='bbox 621 1232 709 1280; x_wconf 89' lang='lat' dir='ltr'>ego</span> <span class='ocrx_word' id='word_1_75' title='bbox 737 1216 788 1261; x_wconf 86' lang='lat' dir='ltr'>in</span> <span class='ocrx_word' id='word_1_76' title='bbox 818 1217 926 1263; x_wconf 90' lang='lat' dir='ltr'>loco</span> <span class='ocrx_word' id='word_1_77' title='bbox 955 1215 1120 1262; x_wconf 87' lang='lat' dir='ltr'>sedulo</span> <span class='ocrx_word' id='word_1_78' title='bbox 1151 1214 1343 1264; x_wconf 64' lang='lat' dir='ltr'><strong>curabm</strong></span> 
     </span>
    </p>
   </div>
   <div class='ocr_carea' id='block_1_5' title="bbox 66 1315 1343 1512">
    <p class='ocr_par' dir='ltr' id='par_1_5' title="bbox 66 1315 1343 1512">
     <span class='ocr_line' id='line_1_15' title="bbox 454 1315 988 1350; baseline 0 0"><span class='ocrx_word' id='word_1_79' title='bbox 454 1317 491 1350; x_wconf 86' lang='lat' dir='ltr'>D</span> <span class='ocrx_word' id='word_1_80' title='bbox 531 1317 564 1350; x_wconf 95' lang='lat' dir='ltr'>o</span> <span class='ocrx_word' id='word_1_81' title='bbox 600 1317 634 1350; x_wconf 79' lang='lat' dir='ltr'>R</span> <span class='ocrx_word' id='word_1_82' title='bbox 668 1317 704 1349; x_wconf 88' lang='lat' dir='ltr'>D</span> <span class='ocrx_word' id='word_1_83' title='bbox 742 1316 777 1349; x_wconf 79' lang='grc' dir='ltr'><strong>Α</strong></span> <span class='ocrx_word' id='word_1_84' title='bbox 812 1316 843 1349; x_wconf 88' lang='lat' dir='ltr'>L</span> <span class='ocrx_word' id='word_1_85' title='bbox 880 1317 916 1350; x_wconf 88' lang='lat' dir='ltr'>U</span> <span class='ocrx_word' id='word_1_86' title='bbox 950 1315 988 1350; x_wconf 85' lang='lat' dir='ltr'>s.</span> 
     </span>
     <span class='ocr_line' id='line_1_16' title="bbox 66 1377 1343 1438; baseline -0.002 -14"><span class='ocrx_word' id='word_1_87' title='bbox 66 1377 207 1425; x_wconf 72' lang='lat' dir='ltr'>Cexto</span> <span class='ocrx_word' id='word_1_88' title='bbox 236 1378 305 1424; x_wconf 86' lang='lat' dir='ltr'>illi</span> <span class='ocrx_word' id='word_1_89' title='bbox 334 1377 548 1425; x_wconf 84' lang='lat' dir='ltr'>homines</span> <span class='ocrx_word' id='word_1_90' title='bbox 574 1377 691 1423; x_wconf 74' lang='lat' dir='ltr'>mihi</span> <span class='ocrx_word' id='word_1_91' title='bbox 707 1377 863 1423; x_wconf 86' lang='lat' dir='ltr'>nescio</span> <span class='ocrx_word' id='word_1_92' title='bbox 888 1378 1011 1438; x_wconf 88' lang='lat' dir='ltr'>quid</span> <span class='ocrx_word' id='word_1_93' title='bbox 1030 1378 1149 1424; x_wconf 84' lang='lat' dir='ltr'>mali</span> <span class='ocrx_word' id='word_1_94' title='bbox 1176 1392 1343 1423; x_wconf 80' lang='lat' dir='ltr'>consu-</span> 
     </span>
     <span class='ocr_line' id='line_1_17' title="bbox 532 1450 1052 1512; baseline -0.002 -16"><span class='ocrx_word' id='word_1_95' title='bbox 532 1452 670 1508; x_wconf 83' lang='lat' dir='ltr'><strong>lunt,</strong></span> <span class='ocrx_word' id='word_1_96' title='bbox 702 1451 840 1512; x_wconf 91' lang='lat' dir='ltr'>quod</span> <span class='ocrx_word' id='word_1_97' title='bbox 870 1450 1052 1496; x_wconf 83' lang='lat' dir='ltr'><strong>faciant.</strong></span> 
     </span>
    </p>
   </div>
   <div class='ocr_carea' id='block_1_6' title="bbox 390 1551 1341 1650">
    <p class='ocr_par' dir='ltr' id='par_1_6' title="bbox 390 1551 1341 1650">
     <span class='ocr_line' id='line_1_18' title="bbox 390 1551 1018 1586; baseline -0.005 0"><span class='ocrx_word' id='word_1_98' title='bbox 390 1551 1018 1586; x_wconf 75' lang='lat' dir='ltr'>SAGARISTIO.</span> 
     </span>
     <span class='ocr_line' id='line_1_19' title="bbox 1073 1602 1341 1650; baseline 0.007 -2"><span class='ocrx_word' id='word_1_99' title='bbox 1073 1602 1341 1650; x_wconf 78' lang='lat' dir='ltr'><strong>Heus&#39;vos!</strong></span> 
     </span>
    </p>
   </div>
   <div class='ocr_carea' id='block_1_7' title="bbox 67 1678 1346 2152">
    <p class='ocr_par' dir='ltr' id='par_1_7' title="bbox 67 1678 1346 2152">
     <span class='ocr_line' id='line_1_20' title="bbox 486 1678 928 1713; baseline 0.002 -1"><span class='ocrx_word' id='word_1_100' title='bbox 486 1679 519 1711; x_wconf 89' lang='grc' dir='ltr'><strong>Τ</strong></span> <span class='ocrx_word' id='word_1_101' title='bbox 557 1679 590 1712; x_wconf 91' lang='grc' dir='ltr'><strong>Ο</strong></span> <span class='ocrx_word' id='word_1_102' title='bbox 626 1678 664 1712; x_wconf 85' lang='lat' dir='ltr'>X</span> <span class='ocrx_word' id='word_1_103' title='bbox 699 1679 722 1711; x_wconf 89' lang='grc' dir='ltr'>Ι</span> <span class='ocrx_word' id='word_1_104' title='bbox 754 1678 786 1711; x_wconf 85' lang='lat' dir='ltr'>L</span> <span class='ocrx_word' id='word_1_105' title='bbox 820 1679 858 1712; x_wconf 86' lang='lat' dir='ltr'>U</span> <span class='ocrx_word' id='word_1_106' title='bbox 889 1679 928 1713; x_wconf 83' lang='lat' dir='ltr'>S.</span> 
     </span>
     <span class='ocr_line' id='line_1_21' title="bbox 68 1729 535 1800; baseline 0.011 -23"><span class='ocrx_word' id='word_1_107' title='bbox 68 1730 209 1800; x_wconf 73' lang='lat' dir='ltr'><strong>Quid</strong></span> <span class='ocrx_word' id='word_1_108' title='bbox 243 1729 336 1775; x_wconf 84' lang='lat' dir='ltr'>ais?</span> <span class='ocrx_word' id='word_1_109' title='bbox 530 1779 535 1782; x_wconf 86' lang='lat'>.</span> 
     </span>
     <span class='ocr_line' id='line_1_22' title="bbox 392 1805 1025 1843; baseline 0.006 -4"><span class='ocrx_word' id='word_1_110' title='bbox 392 1805 415 1840; x_wconf 89' lang='lat' dir='ltr'><strong>S</strong></span> <span class='ocrx_word' id='word_1_111' title='bbox 450 1806 487 1839; x_wconf 82' lang='lat' dir='ltr'>A</span> <span class='ocrx_word' id='word_1_112' title='bbox 522 1806 555 1839; x_wconf 89' lang='lat' dir='ltr'>G</span> <span class='ocrx_word' id='word_1_113' title='bbox 590 1807 626 1839; x_wconf 90' lang='lat' dir='ltr'><strong>A</strong></span> <span class='ocrx_word' id='word_1_114' title='bbox 659 1808 695 1841; x_wconf 82' lang='lat' dir='ltr'>R</span> <span class='ocrx_word' id='word_1_115' title='bbox 728 1808 750 1840; x_wconf 91' lang='lat'>1</span> <span class='ocrx_word' id='word_1_116' title='bbox 785 1808 808 1843; x_wconf 88' lang='lat' dir='ltr'>S</span> <span class='ocrx_word' id='word_1_117' title='bbox 846 1808 879 1842; x_wconf 86' lang='grc' dir='ltr'><strong>Τ</strong></span> <span class='ocrx_word' id='word_1_118' title='bbox 920 1810 942 1843; x_wconf 91' lang='grc' dir='ltr'>Ι</span> <span class='ocrx_word' id='word_1_119' title='bbox 977 1810 1025 1842; x_wconf 70' lang='lat' dir='ltr'>O-</span> 
     </span>
     <span class='ocr_line' id='line_1_23' title="bbox 195 1874 1346 1938; baseline 0.002 -16"><span class='ocrx_word' id='word_1_120' title='bbox 195 1875 394 1922; x_wconf 78' lang='lat' dir='ltr'>Hiccine</span> <span class='ocrx_word' id='word_1_121' title='bbox 424 1874 671 1921; x_wconf 75' lang='lat' dir='ltr'>Dordalus</span> <span class='ocrx_word' id='word_1_122' title='bbox 687 1881 756 1922; x_wconf 80' lang='lat' dir='ltr'>est</span> <span class='ocrx_word' id='word_1_123' title='bbox 784 1877 921 1935; x_wconf 87' lang='lat' dir='ltr'>leno,</span> <span class='ocrx_word' id='word_1_124' title='bbox 955 1877 1041 1938; x_wconf 84' lang='lat' dir='ltr'>qui</span> <span class='ocrx_word' id='word_1_125' title='bbox 1075 1877 1150 1923; x_wconf 79' lang='lat' dir='ltr'>hic</span> <span class='ocrx_word' id='word_1_126' title='bbox 1172 1877 1346 1925; x_wconf 74' lang='lat' dir='ltr'>liberas</span> 
     </span>
     <span class='ocr_line' id='line_1_24' title="bbox 1009 1951 1243 2016; baseline 0.004 -21"><span class='ocrx_word' id='word_1_127' title='bbox 1009 1951 1243 2016; x_wconf 81' lang='lat' dir='ltr'>virgines?</span> 
     </span>
     <span class='ocr_line' id='line_1_25' title="bbox 67 2020 1075 2084; baseline 0.001 -17"><span class='ocrx_word' id='word_1_128' title='bbox 67 2020 266 2071; x_wconf 84' lang='lat' dir='ltr'>Hiccine</span> <span class='ocrx_word' id='word_1_129' title='bbox 290 2034 387 2081; x_wconf 86' lang='lat' dir='ltr'><strong>est,</strong></span> <span class='ocrx_word' id='word_1_130' title='bbox 414 2023 499 2083; x_wconf 89' lang='lat' dir='ltr'>qui</span> <span class='ocrx_word' id='word_1_131' title='bbox 521 2023 611 2069; x_wconf 88' lang='lat' dir='ltr'>fuit</span> <span class='ocrx_word' id='word_1_132' title='bbox 635 2023 883 2084; x_wconf 80' lang='lat' dir='ltr'><strong>quondam</strong></span> <span class='ocrx_word' id='word_1_133' title='bbox 911 2022 1075 2068; x_wconf 30' lang='lat' dir='ltr'>fortiss?</span> 
     </span>
     <span class='ocr_line' id='line_1_26' title="bbox 456 2117 987 2152; baseline 0.002 -2"><span class='ocrx_word' id='word_1_134' title='bbox 456 2119 493 2150; x_wconf 88' lang='lat' dir='ltr'>D</span> <span class='ocrx_word' id='word_1_135' title='bbox 529 2118 562 2151; x_wconf 91' lang='lat' dir='ltr'>o</span> <span class='ocrx_word' id='word_1_136' title='bbox 598 2120 633 2152; x_wconf 83' lang='lat' dir='ltr'>R</span> <span class='ocrx_word' id='word_1_137' title='bbox 666 2118 703 2150; x_wconf 86' lang='lat' dir='ltr'>D</span> <span class='ocrx_word' id='word_1_138' title='bbox 738 2118 773 2150; x_wconf 86' lang='lat' dir='ltr'>A</span> <span class='ocrx_word' id='word_1_139' title='bbox 809 2118 841 2150; x_wconf 85' lang='lat'>1.</span> <span class='ocrx_word' id='word_1_140' title='bbox 877 2117 913 2150; x_wconf 85' lang='lat' dir='ltr'><strong>U</strong></span> <span class='ocrx_word' id='word_1_141' title='bbox 948 2117 987 2151; x_wconf 88' lang='lat' dir='ltr'>s.</span> 
     </span>
    </p>
   </div>
   <div class='ocr_carea' id='block_1_8' title="bbox 68 2176 1391 2371">
    <p class='ocr_par' dir='ltr' id='par_1_8' title="bbox 68 2176 1391 2371">
     <span class='ocr_line' id='line_1_27' title="bbox 295 2176 1391 2246; baseline 0.006 -24"><span class='ocrx_word' id='word_1_142' title='bbox 295 2176 435 2246; x_wconf 75' lang='lat' dir='ltr'><strong>Quae</strong></span> <span class='ocrx_word' id='word_1_143' title='bbox 463 2177 576 2223; x_wconf 87' lang='lat' dir='ltr'><strong>haec</strong></span> <span class='ocrx_word' id='word_1_144' title='bbox 604 2193 674 2223; x_wconf 83' lang='lat' dir='ltr'>res</span> <span class='ocrx_word' id='word_1_145' title='bbox 703 2176 807 2224; x_wconf 83' lang='lat' dir='ltr'>est?</span> <span class='ocrx_word' id='word_1_146' title='bbox 831 2177 938 2225; x_wconf 86' lang='lat' dir='ltr'>hei!</span> <span class='ocrx_word' id='word_1_147' title='bbox 968 2179 1223 2242; x_wconf 82' lang='lat' dir='ltr'><strong>colaphum</strong></span> <span class='ocrx_word' id='word_1_148' title='bbox 1241 2181 1339 2228; x_wconf 81' lang='lat' dir='ltr'>icit.</span> <span class='ocrx_word' id='word_1_149' title='bbox 1376 2208 1391 2213; x_wconf 92' lang='lat'><em>-</em></span> 
     </span>
     <span class='ocr_line' id='line_1_28' title="bbox 68 2244 1334 2296; baseline 0.003 -1"><span class='ocrx_word' id='word_1_150' title='bbox 68 2246 251 2295; x_wconf 86' lang='lat' dir='ltr'><strong>Malum</strong></span> <span class='ocrx_word' id='word_1_151' title='bbox 271 2249 407 2296; x_wconf 84' lang='lat' dir='ltr'>vobis</span> <span class='ocrx_word' id='word_1_152' title='bbox 438 2249 580 2295; x_wconf 85' lang='lat' dir='ltr'><strong>dabo.</strong></span> <span class='ocrx_word' id='word_1_153' title='bbox 1331 2244 1334 2246; x_wconf 47' lang='grc'><strong>’</strong></span> 
     </span>
     <span class='ocr_line' id='line_1_29' title="bbox 377 2334 925 2371; baseline 0.004 -4"><span class='ocrx_word' id='word_1_154' title='bbox 377 2344 380 2347; x_wconf 80' lang='grc'><strong>’</strong></span> <span class='ocrx_word' id='word_1_155' title='bbox 484 2335 516 2368; x_wconf 87' lang='grc' dir='ltr'><strong>Τ</strong></span> <span class='ocrx_word' id='word_1_156' title='bbox 551 2334 584 2368; x_wconf 92' lang='grc' dir='ltr'>Ο</span> <span class='ocrx_word' id='word_1_157' title='bbox 619 2335 658 2368; x_wconf 84' lang='lat' dir='ltr'>X</span> <span class='ocrx_word' id='word_1_158' title='bbox 687 2335 712 2369; x_wconf 94' lang='lat'>1</span> <span class='ocrx_word' id='word_1_159' title='bbox 748 2335 779 2369; x_wconf 85' lang='lat'>1.</span> <span class='ocrx_word' id='word_1_160' title='bbox 813 2335 851 2369; x_wconf 84' lang='lat' dir='ltr'>U</span> <span class='ocrx_word' id='word_1_161' title='bbox 886 2336 925 2371; x_wconf 86' lang='lat' dir='ltr'>S.</span> 
     </span>
    </p>
   </div>
   <div class='ocr_carea' id='block_1_9' title="bbox 194 2399 1206 2531">
    <p class='ocr_par' dir='ltr' id='par_1_9' title="bbox 194 2399 1206 2531">
     <span class='ocr_line' id='line_1_30' title="bbox 194 2399 1206 2527; baseline 0.007 -79"><span class='ocrx_word' id='word_1_162' title='bbox 194 2399 260 2448; x_wconf 89' lang='lat' dir='ltr'>At</span> <span class='ocrx_word' id='word_1_163' title='bbox 274 2401 364 2450; x_wconf 87' lang='lat' dir='ltr'><strong>tibi</strong></span> <span class='ocrx_word' id='word_1_164' title='bbox 380 2417 466 2451; x_wconf 86' lang='lat' dir='ltr'>nos</span> <span class='ocrx_word' id='word_1_165' title='bbox 485 2402 702 2452; x_wconf 69' lang='lat' dir='ltr'><strong>dedimus</strong></span> <span class='ocrx_word' id='word_1_166' title='bbox 720 2404 1032 2527; x_wconf 74' lang='lat' dir='ltr'>dabimusquse</span> <span class='ocrx_word' id='word_1_167' title='bbox 1051 2408 1206 2482; x_wconf 52' lang='lat' dir='ltr'>etiam.</span> 
     </span>
     <span class='ocr_line' id='line_1_31' title="bbox 1042 2495 1132 2531; baseline 0.056 -5"><span class='ocrx_word' id='word_1_168' title='bbox 1042 2496 1061 2526; x_wconf 86' lang='lat' dir='ltr'><strong>S</strong></span> <span class='ocrx_word' id='word_1_169' title='bbox 1102 2495 1132 2531; x_wconf 72' lang='lat'><em>2</em></span> 
     </span>
    </p>
   </div>
  </div>
 </body>
</html>
