1618 2866
628 107 637 134 3

289 212 380 243 110
628 191 1153 240 EPIDICUS.
1421 168 1557 242 ιρὰ

284 303 434 353 Dedit
455 301 575 348 mihi
593 299 652 345 ad
670 301 790 345 hanc
813 315 915 344 rem
934 298 1240 361 Apoecidem.
1268 300 1303 345 is
1329 299 1459 362 apud
1485 299 1558 346 fo-

540 390 649 419 rum
669 382 830 418 manet
852 389 931 418 me
948 391 959 418 z

288 446 434 517 Quasi
465 445 583 507 quoi
605 455 782 490 emeret
800 479 813 501 ,
843 454 1015 491 caveat.

512 549 1336 585 STRATIPPOCLES.

741 620 1044 666 Haudmale.

678 728 1197 780 EPIDICUS„

896 791 1005 849 Jam
1028 792 1126 853 ipse
1150 804 1314 839 cautor
1332 802 1475 854 captu
1495 792 1563 838 'st.
1610 787 1618 802 ¹

288 865 394 927 Ipse
424 864 474 915 in
506 879 616 909 meo
651 864 778 910 collo
810 875 920 910 tuus
946 875 1078 926 pater
1107 867 1370 915 cruminam
1401 867 1568 919 conlo,-

542 947 675 982 cavit.

290 1013 332 1058 Is
362 1011 585 1067 adornat,
625 1010 878 1056 adveniens
907 1010 1042 1058 dorni
1069 1015 1311 1076 externplo
1339 1025 1395 1061 ut
1429 1015 1568 1060 mari·

550 1096 625 1132 tus
647 1085 739 1130 fias.

517 1183 1343 1219 STRATIPPOCLES.

292 1255 401 1301 Uno
419 1253 722 1316 persuadebit
738 1251 888 1298 modo
900 1287 914 1310 ,
931 1252 967 1297 si
988 1253 1142 1311 illam,
1160 1269 1283 1314 quae
1297 1252 1570 1301 *adducta’st

545 1346 738 1375 mecum
753 1363 766 1384 ,
1501 1341 1504 1343 ’

293 1404 415 1450 Mihi
447 1402 644 1448 ademsit
665 1402 828 1449 Orcus.

690 1505 719 1538 Ε
755 1504 782 1536 P
819 1504 839 1536 1
876 1504 911 1536 D
948 1503 969 1535 1
1008 1504 1035 1536 c
1074 1503 1110 1536 U
1148 1504 1186 1538 s.

717 1564 859 1611 Nunc
884 1580 971 1628 ego
994 1565 1116 1610 hanc
1135 1565 1351 1611 astutiam
1374 1566 1570 1615 institui.

296 1639 564 1688 Deveniam
606 1637 667 1684 ad
698 1638 926 1682 lenonem
963 1636 1168 1683 domum
1209 1648 1400 1702 egomet
1434 1638 1574 1688 solus,

553 1727 665 1756 eum
694 1726 780 1774 ego
811 1709 1023 1767 docebo,

303 1786 351 1832 Si
371 1786 456 1847 qui
484 1784 545 1830 ad
563 1801 675 1829 eum
695 1784 977 1841 adveniant,
1007 1793 1064 1829 ut
1091 1783 1181 1829 sibi
1205 1783 1371 1830 datum
1389 1801 1482 1831 esse
1503 1802 1576 1842 ar-

518 1897 522 1902 .
552 1867 751 1920 gentum
777 1857 900 1903 dicat
962 1878 964 1880 ’

296 1931 387 1977 Pro
413 1930 626 1975 fidicina:
665 1930 843 1993 argenti
871 1930 1019 1975 minas
1050 1946 1097 1975 se
1129 1929 1301 1975 habere
1330 1929 1572 1992 qulnqua-

550 2003 691 2065 ginta.

303 2075 503 2145 Quippe
534 2092 622 2139 ego
649 2077 734 2136 qui
764 2076 1103 2122 nudiustertius
1127 2075 1242 2120 meis
1261 2075 1479 2129 manibus
1506 2075 1579 2131 di·-

549 2165 794 2194 numeravi

300 2221 391 2267 Pro
411 2221 487 2266 illa
510 2231 591 2266 tua
617 2222 787 2278 amica,
820 2231 974 2283 quam
993 2232 1125 2282 pater
1151 2236 1282 2267 suam
1311 2220 1454 2267 filiam
1484 2235 1577 2266 esse

553 2306 694 2339 retur.

301 2367 376 2413 Ibi
405 2368 515 2412 leno
551 2367 826 2412 sceleratum
865 2377 1008 2428 caput
1040 2374 1187 2413 'suum
1218 2365 1475 2429 inprudens
1510 2363 1577 2410 al·-

558 2439 745 2503 ligabit,
