1618 2866
221 220 311 256 122
599 202 1134 252 EPIDICUS.
1405 221 1511 255 v.1

521 347 978 426 ACTUS
1056 350 1201 409 lv.

625 469 953 517 SCENA
1021 471 1061 516 Ι.

314 583 765 625 PHILIPPA,
808 586 1409 627 PERIPHANES.

606 696 1108 730 PHILIPPA.

217 751 328 865 SI
361 816 482 879 quid
515 816 702 863 homini
731 816 1052 874 miseriarum,
1081 816 1220 878 quod
1247 818 1511 865 miserescat

472 890 628 936 miseri
656 905 715 935 ex
742 889 932 947 animo,
958 900 1054 948 est,

220 963 281 1009 Id
313 978 401 1027 ego
437 961 685 1024 experior,
727 962 846 1029 quoi
878 956 1033 1008 multa
1065 962 1116 1007 in
1150 977 1309 1008 unum
1343 963 1508 1009 locum

473 1035 730 1082 confluunt
749 1070 763 1093 ‚
802 1051 926 1096 quae
957 1052 1126 1082 meum

216 1111 387 1157 Pectus
424 1111 616 1172 pulsant
651 1108 826 1155 simul:
875 1109 1134 1171 multiplex
1163 1125 1390 1156 aerumna
1426 1126 1509 1157 me

473 1183 727 1229 exercitam
752 1182 924 1228 habet:
956 1193 1206 1244 paupertas
1219 1217 1234 1240 ,

171 1291 174 1296 ,
216 1259 368 1306 Pavor
402 1259 582 1304 territat
618 1266 835 1302 mentem
866 1255 1048 1314 animi,
1076 1272 1239 1318 neque
1265 1256 1355 1303 ubi
1381 1273 1509 1303 meas

473 1331 724 1376 conlocem
756 1346 858 1392 spes
877 1364 892 1388 ‚

217 1404 387 1451 Habeo
420 1420 625 1464 usquam
652 1403 1105 1450 munitum-locum.
1139 1404 1204 1449 ita
1236 1415 1375 1469 gnata
1401 1421 1512 1452 mea

474 1478 687 1524 hostium
705 1478 759 1522 ’st
790 1477 969 1538 potita:

219 1549 381 1613 Atque
407 1567 461 1597 ea
488 1566 620 1596 nunc
646 1549 732 1596 ubi
755 1548 813 1595 sit
840 1550 1012 1596 nescio.

541 1645 570 1678 P
605 1644 636 1678 E
672 1645 706 1679 B.
742 1643 762 1676 Ι
799 1643 827 1675 Ρ
864 1642 899 1675 H
934 1643 969 1675 A
1003 1642 1038 1675 N
1072 1641 1102 1674 E
1143 1641 1180 1675 S.

706 1702 828 1772 Quis
855 1702 987 1748 illaec
1014 1712 1083 1748 est
1102 1701 1302 1760 mulier,
1331 1702 1506 1750 timido

220 1778 415 1825 Pectore
452 1792 645 1841 peregre
678 1773 934 1821 adveniens
955 1809 970 1832 ‚
1012 1791 1137 1836 quae
1166 1777 1264 1837 ipsa
1298 1791 1345 1821 se
1370 1776 1511 1822 mise-

1152 1847 1315 1894 ratur?
1402 1841 1413 1850 ”

611 1935 640 1967 Ρ
676 1934 710 1966 H
745 1933 767 1968 1
801 1933 831 1965 L
868 1933 890 1965 1
925 1932 953 1965 P
990 1933 1017 1965 P
1055 1931 1104 1966 Α.

1114 1992 1173 2038 In
1206 1992 1277 2037 his
1304 1991 1439 2039 dictu
1454 1993 1510 2039 'st
1539 2004 1542 2006 ’

219 2067 355 2116 Locis
384 2068 593 2115 habitare
621 2068 740 2114 mihi
759 2066 1053 2128 Periphanes.
1182 2067 1185 2073 “

521 2164 550 2197 Ρ
589 2165 619 2197 Ε
655 2164 692 2197 R
729 2163 748 2195 1
790 2162 817 2195 P
858 2160 894 2195 H
930 2161 964 2193 Α
1002 2162 1034 2194 Ν
1076 2161 1105 2193 Ε
1145 2159 1181 2193 s.

722 2226 803 2271 Me
831 2223 1052 2278 nominat
1066 2224 1203 2270 haec:
1228 2222 1368 2270 credo
1390 2240 1506 2288 ego,

221 2300 299 2347 Illi
329 2300 536 2364 hospitio
567 2317 676 2347 usus
707 2298 853 2346 venit.

607 2402 636 2436 P
676 2401 710 2435 H
744 2401 765 2434 1
802 2400 831 2433 L
870 2399 889 2430 Ι
925 2399 954 2431 P
991 2399 1017 2431 P
1055 2399 1102 2431 A.

824 2460 1056 2506 Pervelim
1078 2457 1347 2505 mercedem
1370 2455 1504 2513 dare,
