<?xml version="1.0" encoding="UTF-8"?>
<!DOCTYPE html PUBLIC "-//W3C//DTD XHTML 1.0 Transitional//EN"
    "http://www.w3.org/TR/xhtml1/DTD/xhtml1-transitional.dtd">
<html xmlns="http://www.w3.org/1999/xhtml" xml:lang="en" lang="en">
 <head>
  <title>
</title>
<meta http-equiv="Content-Type" content="text/html;charset=utf-8" />
  <meta name='ocr-system' content='tesseract 3.04.00' />
  <meta name='ocr-capabilities' content='ocr_page ocr_carea ocr_par ocr_line ocrx_word'/>
</head>
<body>
  <div class='ocr_page' id='page_1' title='image "./comoediaesuperst02plauuoft_0209.png"; bbox 0 0 1618 2866; ppageno 0'>
   <div class='ocr_carea' id='block_1_1' title="bbox 62 178 1353 235">
    <p class='ocr_par' dir='ltr' id='par_1_1' title="bbox 62 178 1353 235">
     <span class='ocr_line' id='line_1_1' title="bbox 62 178 1353 235; baseline -0.002 -5"><span class='ocrx_word' id='word_1_1' title='bbox 62 197 152 235; x_wconf 75' lang='lat' dir='ltr'><strong>v.1</strong></span> <span class='ocrx_word' id='word_1_2' title='bbox 364 178 659 228; x_wconf 87' lang='lat' dir='ltr'><strong>ACTUS</strong></span> <span class='ocrx_word' id='word_1_3' title='bbox 714 181 777 228; x_wconf 86' lang='lat' dir='ltr'><strong>V.</strong></span> <span class='ocrx_word' id='word_1_4' title='bbox 834 178 932 227; x_wconf 86' lang='lat' dir='ltr'><strong>SC.</strong></span> <span class='ocrx_word' id='word_1_5' title='bbox 984 180 1024 227; x_wconf 92' lang='grc' dir='ltr'><strong>Ῑ.</strong></span> <span class='ocrx_word' id='word_1_6' title='bbox 1258 196 1353 234; x_wconf 71' lang='lat'><strong>901</strong></span> 
     </span>
    </p>
   </div>
   <div class='ocr_carea' id='block_1_2' title="bbox 397 331 1027 503">
    <p class='ocr_par' dir='ltr' id='par_1_2' title="bbox 397 331 1027 503">
     <span class='ocr_line' id='line_1_2' title="bbox 397 331 1027 390; baseline 0.002 -2"><span class='ocrx_word' id='word_1_7' title='bbox 397 331 874 388; x_wconf 89' lang='lat' dir='ltr'>ACTUS</span> <span class='ocrx_word' id='word_1_8' title='bbox 953 333 1027 390; x_wconf 89' lang='lat' dir='ltr'><strong>V.</strong></span> 
     </span>
     <span class='ocr_line' id='line_1_3' title="bbox 451 456 965 503; baseline -0.004 0"><span class='ocrx_word' id='word_1_9' title='bbox 451 456 850 503; x_wconf 84' lang='lat' dir='ltr'><em>SCENA</em></span> <span class='ocrx_word' id='word_1_10' title='bbox 923 456 965 502; x_wconf 92' lang='lat'><strong>1.</strong></span> 
     </span>
    </p>
   </div>
   <div class='ocr_carea' id='block_1_3' title="bbox 138 567 1294 636">
    <p class='ocr_par' dir='ltr' id='par_1_3' title="bbox 138 567 1294 636">
     <span class='ocr_line' id='line_1_4' title="bbox 138 567 1294 636; baseline -0.005 -18"><span class='ocrx_word' id='word_1_11' title='bbox 138 579 392 636; x_wconf 73' lang='lat' dir='ltr'>MENAE</span> <span class='ocrx_word' id='word_1_12' title='bbox 411 580 657 615; x_wconf 78' lang='lat' dir='ltr'><em>cHMst</em></span> <span class='ocrx_word' id='word_1_13' title='bbox 697 567 906 616; x_wconf 85' lang='lat' dir='ltr'><em>Sosicles,</em></span> <span class='ocrx_word' id='word_1_14' title='bbox 961 579 1011 613; x_wconf 81' lang='lat' dir='ltr'><em>M</em></span> <span class='ocrx_word' id='word_1_15' title='bbox 1035 578 1123 613; x_wconf 79' lang='lat' dir='ltr'><strong>Uz.</strong></span> <span class='ocrx_word' id='word_1_16' title='bbox 1144 577 1294 613; x_wconf 65' lang='grc' dir='ltr'><strong><em>[ΕΚ.</em></strong></span> 
     </span>
    </p>
   </div>
   <div class='ocr_carea' id='block_1_4' title="bbox 370 707 1057 743">
    <p class='ocr_par' dir='ltr' id='par_1_4' title="bbox 370 707 1057 743">
     <span class='ocr_line' id='line_1_5' title="bbox 370 707 1057 743; baseline -0.003 0"><span class='ocrx_word' id='word_1_17' title='bbox 370 707 1057 743; x_wconf 76' lang='lat' dir='ltr'>MENAECHMUS.</span> 
     </span>
    </p>
   </div>
   <div class='ocr_carea' id='block_1_5' title="bbox 24 765 1365 1035">
    <p class='ocr_par' dir='ltr' id='par_1_5' title="bbox 24 765 1365 1035">
     <span class='ocr_line' id='line_1_6' title="bbox 77 765 1365 888; baseline -0.005 -11"><span class='ocrx_word' id='word_1_18' title='bbox 77 765 298 878; x_wconf 82' lang='lat' dir='ltr'>NIMI</span> <span class='ocrx_word' id='word_1_19' title='bbox 314 839 337 874; x_wconf 90' lang='lat' dir='ltr'><strong>s</strong></span> <span class='ocrx_word' id='word_1_20' title='bbox 360 828 503 874; x_wconf 84' lang='lat' dir='ltr'><strong>stulte</strong></span> <span class='ocrx_word' id='word_1_21' title='bbox 527 826 717 874; x_wconf 90' lang='lat' dir='ltr'><strong>dudum</strong></span> <span class='ocrx_word' id='word_1_22' title='bbox 741 825 832 873; x_wconf 89' lang='lat' dir='ltr'><strong>feci</strong></span> <span class='ocrx_word' id='word_1_23' title='bbox 848 860 862 884; x_wconf 89' lang='lat'>,</span> <span class='ocrx_word' id='word_1_24' title='bbox 891 842 1047 887; x_wconf 89' lang='lat' dir='ltr'>quom</span> <span class='ocrx_word' id='word_1_25' title='bbox 1071 825 1365 888; x_wconf 82' lang='lat' dir='ltr'>marsupium</span> 
     </span>
     <span class='ocr_line' id='line_1_7' title="bbox 24 897 1058 964; baseline -0.006 -15"><span class='ocrx_word' id='word_1_26' title='bbox 24 930 27 932; x_wconf 75' lang='lat'><em>,</em></span> <span class='ocrx_word' id='word_1_27' title='bbox 79 901 370 949; x_wconf 85' lang='lat' dir='ltr'><strong>Messenioni</strong></span> <span class='ocrx_word' id='word_1_28' title='bbox 398 917 512 946; x_wconf 89' lang='lat' dir='ltr'><strong>cum</strong></span> <span class='ocrx_word' id='word_1_29' title='bbox 541 910 735 964; x_wconf 85' lang='lat' dir='ltr'><strong>argento</strong></span> <span class='ocrx_word' id='word_1_30' title='bbox 769 897 1058 945; x_wconf 81' lang='lat' dir='ltr'><strong>concredidi.</strong></span> 
     </span>
     <span class='ocr_line' id='line_1_8' title="bbox 77 971 1109 1035; baseline -0.005 -14"><span class='ocrx_word' id='word_1_31' title='bbox 77 973 299 1021; x_wconf 86' lang='lat' dir='ltr'>Inmersit</span> <span class='ocrx_word' id='word_1_32' title='bbox 325 973 490 1034; x_wconf 81' lang='lat' dir='ltr'>aliquo</span> <span class='ocrx_word' id='word_1_33' title='bbox 516 988 611 1018; x_wconf 87' lang='lat' dir='ltr'><strong>sese</strong></span> <span class='ocrx_word' id='word_1_34' title='bbox 639 971 782 1018; x_wconf 84' lang='lat' dir='ltr'><strong>credo</strong></span> <span class='ocrx_word' id='word_1_35' title='bbox 809 971 859 1016; x_wconf 89' lang='lat' dir='ltr'><strong>in</strong></span> <span class='ocrx_word' id='word_1_36' title='bbox 887 986 1109 1035; x_wconf 84' lang='lat' dir='ltr'><strong>ganeum.</strong></span> 
     </span>
    </p>
   </div>
   <div class='ocr_carea' id='block_1_6' title="bbox 78 1068 1367 1265">
    <p class='ocr_par' dir='ltr' id='par_1_6' title="bbox 78 1068 1367 1265">
     <span class='ocr_line' id='line_1_9' title="bbox 525 1068 913 1103; baseline -0.008 0"><span class='ocrx_word' id='word_1_37' title='bbox 525 1071 567 1103; x_wconf 90' lang='lat' dir='ltr'>M</span> <span class='ocrx_word' id='word_1_38' title='bbox 604 1069 640 1102; x_wconf 88' lang='lat' dir='ltr'>U</span> <span class='ocrx_word' id='word_1_39' title='bbox 675 1069 706 1102; x_wconf 80' lang='lat' dir='ltr'><strong>I.</strong></span> <span class='ocrx_word' id='word_1_40' title='bbox 742 1069 762 1101; x_wconf 93' lang='lat'>1</span> <span class='ocrx_word' id='word_1_41' title='bbox 798 1068 829 1101; x_wconf 83' lang='lat' dir='ltr'>E</span> <span class='ocrx_word' id='word_1_42' title='bbox 862 1069 913 1103; x_wconf 84' lang='lat' dir='ltr'><strong>R.</strong></span> 
     </span>
     <span class='ocr_line' id='line_1_10' title="bbox 78 1127 1367 1192; baseline -0.005 -12"><span class='ocrx_word' id='word_1_43' title='bbox 78 1133 318 1180; x_wconf 85' lang='lat' dir='ltr'>Provisam</span> <span class='ocrx_word' id='word_1_44' title='bbox 333 1166 348 1189; x_wconf 87' lang='lat'>‚</span> <span class='ocrx_word' id='word_1_45' title='bbox 379 1147 530 1192; x_wconf 82' lang='lat' dir='ltr'>quam</span> <span class='ocrx_word' id='word_1_46' title='bbox 553 1145 673 1176; x_wconf 83' lang='lat' dir='ltr'><strong>mox</strong></span> <span class='ocrx_word' id='word_1_47' title='bbox 700 1130 772 1176; x_wconf 86' lang='lat' dir='ltr'><strong>vir</strong></span> <span class='ocrx_word' id='word_1_48' title='bbox 802 1145 937 1175; x_wconf 87' lang='lat' dir='ltr'><strong>meus</strong></span> <span class='ocrx_word' id='word_1_49' title='bbox 962 1128 1123 1174; x_wconf 84' lang='lat' dir='ltr'><strong>redeat</strong></span> <span class='ocrx_word' id='word_1_50' title='bbox 1148 1127 1367 1174; x_wconf 88' lang='lat' dir='ltr'><strong>domum.</strong></span> 
     </span>
     <span class='ocr_line' id='line_1_11' title="bbox 80 1201 1290 1265; baseline -0.004 -12"><span class='ocrx_word' id='word_1_51' title='bbox 80 1206 177 1254; x_wconf 89' lang='lat' dir='ltr'><strong>Sed</strong></span> <span class='ocrx_word' id='word_1_52' title='bbox 209 1222 376 1252; x_wconf 88' lang='lat' dir='ltr'><strong>eccum</strong></span> <span class='ocrx_word' id='word_1_53' title='bbox 402 1205 575 1251; x_wconf 87' lang='lat' dir='ltr'>video:</span> <span class='ocrx_word' id='word_1_54' title='bbox 616 1205 738 1250; x_wconf 86' lang='lat' dir='ltr'>salva</span> <span class='ocrx_word' id='word_1_55' title='bbox 764 1220 899 1262; x_wconf 87' lang='lat' dir='ltr'><strong>sum,</strong></span> <span class='ocrx_word' id='word_1_56' title='bbox 928 1204 1106 1265; x_wconf 84' lang='lat' dir='ltr'>pallam</span> <span class='ocrx_word' id='word_1_57' title='bbox 1134 1201 1290 1248; x_wconf 78' lang='lat' dir='ltr'><strong>refert.</strong></span> 
     </span>
    </p>
   </div>
   <div class='ocr_carea' id='block_1_7' title="bbox 82 1303 1139 1422">
    <p class='ocr_par' dir='ltr' id='par_1_7' title="bbox 82 1303 1139 1422">
     <span class='ocr_line' id='line_1_12' title="bbox 167 1303 1069 1345; baseline -0.004 -5"><span class='ocrx_word' id='word_1_58' title='bbox 167 1343 170 1345; x_wconf 76' lang='lat'><strong>.</strong></span> <span class='ocrx_word' id='word_1_59' title='bbox 392 1307 437 1339; x_wconf 87' lang='grc' dir='ltr'>Μ</span> <span class='ocrx_word' id='word_1_60' title='bbox 471 1305 502 1338; x_wconf 82' lang='grc' dir='ltr'>Ε</span> <span class='ocrx_word' id='word_1_61' title='bbox 538 1306 572 1338; x_wconf 99' lang='lat' dir='ltr'>N</span> <span class='ocrx_word' id='word_1_62' title='bbox 609 1303 644 1337; x_wconf 86' lang='lat' dir='ltr'>A</span> <span class='ocrx_word' id='word_1_63' title='bbox 679 1305 710 1336; x_wconf 84' lang='grc' dir='ltr'><strong>Ε</strong></span> <span class='ocrx_word' id='word_1_64' title='bbox 746 1305 774 1336; x_wconf 91' lang='lat' dir='ltr'>c</span> <span class='ocrx_word' id='word_1_65' title='bbox 810 1305 845 1337; x_wconf 79' lang='grc' dir='ltr'><strong>Η</strong></span> <span class='ocrx_word' id='word_1_66' title='bbox 880 1303 924 1336; x_wconf 91' lang='grc' dir='ltr'>Μ</span> <span class='ocrx_word' id='word_1_67' title='bbox 960 1303 997 1336; x_wconf 83' lang='lat' dir='ltr'>U</span> <span class='ocrx_word' id='word_1_68' title='bbox 1031 1303 1069 1336; x_wconf 92' lang='lat' dir='ltr'><strong>s.</strong></span> 
     </span>
     <span class='ocr_line' id='line_1_13' title="bbox 82 1362 1139 1422; baseline -0.005 -10"><span class='ocrx_word' id='word_1_69' title='bbox 82 1364 305 1412; x_wconf 83' lang='lat' dir='ltr'>Demiror</span> <span class='ocrx_word' id='word_1_70' title='bbox 321 1398 336 1422; x_wconf 91' lang='lat'>‚</span> <span class='ocrx_word' id='word_1_71' title='bbox 365 1364 453 1410; x_wconf 88' lang='lat' dir='ltr'><strong>ubi</strong></span> <span class='ocrx_word' id='word_1_72' title='bbox 484 1379 615 1410; x_wconf 89' lang='lat' dir='ltr'><strong>nunc</strong></span> <span class='ocrx_word' id='word_1_73' title='bbox 642 1362 858 1408; x_wconf 83' lang='lat' dir='ltr'><strong>ambulet</strong></span> <span class='ocrx_word' id='word_1_74' title='bbox 891 1362 1139 1408; x_wconf 85' lang='lat' dir='ltr'><strong>Messenio.</strong></span> 
     </span>
    </p>
   </div>
   <div class='ocr_carea' id='block_1_8' title="bbox 87 1459 1390 2457">
    <p class='ocr_par' dir='ltr' id='par_1_8' title="bbox 87 1459 1390 2457">
     <span class='ocr_line' id='line_1_14' title="bbox 522 1459 914 1494; baseline -0.008 0"><span class='ocrx_word' id='word_1_75' title='bbox 522 1461 564 1494; x_wconf 87' lang='lat' dir='ltr'>M</span> <span class='ocrx_word' id='word_1_76' title='bbox 603 1459 640 1492; x_wconf 82' lang='lat' dir='ltr'>U</span> <span class='ocrx_word' id='word_1_77' title='bbox 673 1460 703 1493; x_wconf 88' lang='lat' dir='ltr'>L</span> <span class='ocrx_word' id='word_1_78' title='bbox 741 1460 761 1492; x_wconf 95' lang='lat'>1</span> <span class='ocrx_word' id='word_1_79' title='bbox 798 1459 828 1491; x_wconf 84' lang='grc' dir='ltr'>Ε</span> <span class='ocrx_word' id='word_1_80' title='bbox 865 1460 914 1493; x_wconf 81' lang='lat' dir='ltr'><strong>R.</strong></span> 
     </span>
     <span class='ocr_line' id='line_1_15' title="bbox 88 1517 1376 1582; baseline -0.002 -15"><span class='ocrx_word' id='word_1_81' title='bbox 88 1520 251 1567; x_wconf 86' lang='lat' dir='ltr'>Adibo</span> <span class='ocrx_word' id='word_1_82' title='bbox 271 1555 286 1579; x_wconf 91' lang='lat'>‚</span> <span class='ocrx_word' id='word_1_83' title='bbox 314 1532 460 1582; x_wconf 90' lang='lat' dir='ltr'><strong>atque</strong></span> <span class='ocrx_word' id='word_1_84' title='bbox 480 1517 732 1567; x_wconf 75' lang='lat' dir='ltr'><strong>hominefn</strong></span> <span class='ocrx_word' id='word_1_85' title='bbox 758 1520 1012 1581; x_wconf 83' lang='lat' dir='ltr'>accipiam,</span> <span class='ocrx_word' id='word_1_86' title='bbox 1042 1519 1218 1580; x_wconf 61' lang='lat' dir='ltr'>quibue</span> <span class='ocrx_word' id='word_1_87' title='bbox 1240 1519 1376 1564; x_wconf 85' lang='lat' dir='ltr'>dictis</span> 
     </span>
     <span class='ocr_line' id='line_1_16' title="bbox 340 1606 505 1640; baseline 0.006 -1"><span class='ocrx_word' id='word_1_88' title='bbox 340 1606 505 1640; x_wconf 85' lang='lat' dir='ltr'><strong>meret.</strong></span> 
     </span>
     <span class='ocr_line' id='line_1_17' title="bbox 88 1667 1343 1730; baseline -0.001 -17"><span class='ocrx_word' id='word_1_89' title='bbox 88 1667 207 1715; x_wconf 90' lang='lat' dir='ltr'><strong>Non</strong></span> <span class='ocrx_word' id='word_1_90' title='bbox 233 1678 283 1714; x_wconf 87' lang='lat' dir='ltr'><strong>te</strong></span> <span class='ocrx_word' id='word_1_91' title='bbox 313 1668 469 1730; x_wconf 91' lang='lat' dir='ltr'><strong>pudet</strong></span> <span class='ocrx_word' id='word_1_92' title='bbox 496 1667 687 1728; x_wconf 85' lang='lat' dir='ltr'><strong>prodire</strong></span> <span class='ocrx_word' id='word_1_93' title='bbox 717 1668 770 1712; x_wconf 89' lang='lat' dir='ltr'><strong>in</strong></span> <span class='ocrx_word' id='word_1_94' title='bbox 804 1675 1114 1728; x_wconf 83' lang='lat' dir='ltr'><strong>conspectum</strong></span> <span class='ocrx_word' id='word_1_95' title='bbox 1147 1682 1343 1724; x_wconf 87' lang='lat' dir='ltr'><strong>meum,</strong></span> 
     </span>
     <span class='ocr_line' id='line_1_18' title="bbox 87 1738 1139 1805; baseline -0.002 -18"><span class='ocrx_word' id='word_1_96' title='bbox 87 1739 343 1805; x_wconf 80' lang='lat' dir='ltr'>Flagitium</span> <span class='ocrx_word' id='word_1_97' title='bbox 376 1740 586 1786; x_wconf 86' lang='lat' dir='ltr'>hominis</span> <span class='ocrx_word' id='word_1_98' title='bbox 603 1775 617 1798; x_wconf 87' lang='lat'>‚</span> <span class='ocrx_word' id='word_1_99' title='bbox 644 1757 758 1786; x_wconf 89' lang='lat' dir='ltr'><strong>cum</strong></span> <span class='ocrx_word' id='word_1_100' title='bbox 783 1740 901 1786; x_wconf 89' lang='lat' dir='ltr'>istoc</span> <span class='ocrx_word' id='word_1_101' title='bbox 929 1750 1100 1786; x_wconf 84' lang='lat' dir='ltr'>ornatu</span> <span class='ocrx_word' id='word_1_102' title='bbox 1116 1738 1139 1784; x_wconf 82' lang='lat'>?</span> 
     </span>
     <span class='ocr_line' id='line_1_19' title="bbox 386 1834 1071 1874; baseline -0.01 0"><span class='ocrx_word' id='word_1_103' title='bbox 386 1841 430 1874; x_wconf 90' lang='grc' dir='ltr'><strong>Μ</strong></span> <span class='ocrx_word' id='word_1_104' title='bbox 467 1841 497 1872; x_wconf 87' lang='grc' dir='ltr'><strong>Ε</strong></span> <span class='ocrx_word' id='word_1_105' title='bbox 533 1841 567 1874; x_wconf 94' lang='lat' dir='ltr'>N</span> <span class='ocrx_word' id='word_1_106' title='bbox 602 1839 638 1873; x_wconf 84' lang='lat' dir='ltr'>A</span> <span class='ocrx_word' id='word_1_107' title='bbox 670 1839 702 1872; x_wconf 80' lang='grc' dir='ltr'><strong>Ε</strong></span> <span class='ocrx_word' id='word_1_108' title='bbox 742 1839 769 1871; x_wconf 89' lang='lat' dir='ltr'>c</span> <span class='ocrx_word' id='word_1_109' title='bbox 806 1838 843 1871; x_wconf 83' lang='grc' dir='ltr'><strong>Η</strong></span> <span class='ocrx_word' id='word_1_110' title='bbox 879 1837 923 1870; x_wconf 88' lang='grc' dir='ltr'>Μ</span> <span class='ocrx_word' id='word_1_111' title='bbox 958 1837 995 1870; x_wconf 83' lang='lat' dir='ltr'><strong>U</strong></span> <span class='ocrx_word' id='word_1_112' title='bbox 1032 1834 1071 1868; x_wconf 91' lang='lat' dir='ltr'><strong>s.</strong></span> 
     </span>
     <span class='ocr_line' id='line_1_20' title="bbox 132 1885 1381 1958; baseline -0.001 -25"><span class='ocrx_word' id='word_1_113' title='bbox 132 1930 138 1933; x_wconf 86' lang='lat'><strong>.</strong></span> <span class='ocrx_word' id='word_1_114' title='bbox 1114 1886 1256 1958; x_wconf 70' lang='lat' dir='ltr'>Quid</span> <span class='ocrx_word' id='word_1_115' title='bbox 1281 1885 1381 1932; x_wconf 81' lang='lat' dir='ltr'><strong>est?</strong></span> 
     </span>
     <span class='ocr_line' id='line_1_21' title="bbox 98 1955 866 2027; baseline -0.004 -23"><span class='ocrx_word' id='word_1_116' title='bbox 98 1956 237 2027; x_wconf 74' lang='lat' dir='ltr'><strong>Quae</strong></span> <span class='ocrx_word' id='word_1_117' title='bbox 272 1975 342 2005; x_wconf 78' lang='lat' dir='ltr'><strong>tes</strong></span> <span class='ocrx_word' id='word_1_118' title='bbox 377 1958 520 2023; x_wconf 82' lang='lat' dir='ltr'>agitat</span> <span class='ocrx_word' id='word_1_119' title='bbox 545 1968 621 2014; x_wconf 85' lang='lat' dir='ltr'><strong>te,</strong></span> <span class='ocrx_word' id='word_1_120' title='bbox 657 1956 828 2002; x_wconf 85' lang='lat' dir='ltr'><strong>mulier</strong></span> <span class='ocrx_word' id='word_1_121' title='bbox 843 1955 866 2001; x_wconf 83' lang='lat'>?</span> 
     </span>
     <span class='ocr_line' id='line_1_22' title="bbox 539 2051 925 2087; baseline -0.008 -1"><span class='ocrx_word' id='word_1_122' title='bbox 539 2054 583 2087; x_wconf 88' lang='grc' dir='ltr'>Μ</span> <span class='ocrx_word' id='word_1_123' title='bbox 619 2051 656 2085; x_wconf 86' lang='lat' dir='ltr'>U</span> <span class='ocrx_word' id='word_1_124' title='bbox 690 2053 722 2085; x_wconf 83' lang='lat'><strong>1.</strong></span> <span class='ocrx_word' id='word_1_125' title='bbox 756 2054 778 2086; x_wconf 92' lang='lat'>1</span> <span class='ocrx_word' id='word_1_126' title='bbox 813 2053 844 2085; x_wconf 82' lang='lat' dir='ltr'>E</span> <span class='ocrx_word' id='word_1_127' title='bbox 878 2052 925 2084; x_wconf 87' lang='lat' dir='ltr'><strong>R.</strong></span> 
     </span>
     <span class='ocr_line' id='line_1_23' title="bbox 809 2106 1351 2169; baseline -0.009 -13"><span class='ocrx_word' id='word_1_128' title='bbox 809 2110 1056 2166; x_wconf 79' lang='lat' dir='ltr'><strong>Etiamne,</strong></span> <span class='ocrx_word' id='word_1_129' title='bbox 1086 2106 1351 2169; x_wconf 76' lang='lat' dir='ltr'><strong>inpudem,</strong></span> 
     </span>
     <span class='ocr_line' id='line_1_24' title="bbox 103 2178 1388 2241; baseline -0.003 -13"><span class='ocrx_word' id='word_1_130' title='bbox 103 2181 303 2228; x_wconf 78' lang='lat' dir='ltr'><strong>Muttixe</strong></span> <span class='ocrx_word' id='word_1_131' title='bbox 322 2198 478 2232; x_wconf 90' lang='lat' dir='ltr'><strong>unum</strong></span> <span class='ocrx_word' id='word_1_132' title='bbox 493 2186 700 2232; x_wconf 78' lang='lat' dir='ltr'><strong>verbum</strong></span> <span class='ocrx_word' id='word_1_133' title='bbox 716 2183 884 2241; x_wconf 86' lang='lat' dir='ltr'><strong>audes,</strong></span> <span class='ocrx_word' id='word_1_134' title='bbox 901 2194 985 2229; x_wconf 89' lang='lat' dir='ltr'><strong>aut</strong></span> <span class='ocrx_word' id='word_1_135' title='bbox 1006 2198 1201 2228; x_wconf 89' lang='lat' dir='ltr'><strong>mecum</strong></span> <span class='ocrx_word' id='word_1_136' title='bbox 1215 2178 1388 2240; x_wconf 83' lang='lat' dir='ltr'>loqui?</span> 
     </span>
     <span class='ocr_line' id='line_1_25' title="bbox 396 2279 1080 2315; baseline -0.001 -2"><span class='ocrx_word' id='word_1_137' title='bbox 396 2281 441 2313; x_wconf 89' lang='grc' dir='ltr'>Μ</span> <span class='ocrx_word' id='word_1_138' title='bbox 478 2281 509 2314; x_wconf 84' lang='grc' dir='ltr'>Ε</span> <span class='ocrx_word' id='word_1_139' title='bbox 543 2282 577 2315; x_wconf 94' lang='lat' dir='ltr'>N</span> <span class='ocrx_word' id='word_1_140' title='bbox 613 2283 648 2315; x_wconf 87' lang='lat' dir='ltr'>A</span> <span class='ocrx_word' id='word_1_141' title='bbox 684 2282 716 2315; x_wconf 81' lang='grc' dir='ltr'>Ε</span> <span class='ocrx_word' id='word_1_142' title='bbox 754 2283 782 2315; x_wconf 87' lang='lat' dir='ltr'>c</span> <span class='ocrx_word' id='word_1_143' title='bbox 820 2282 855 2314; x_wconf 84' lang='grc' dir='ltr'>Η</span> <span class='ocrx_word' id='word_1_144' title='bbox 891 2281 935 2313; x_wconf 92' lang='grc' dir='ltr'>Μ</span> <span class='ocrx_word' id='word_1_145' title='bbox 970 2281 1005 2313; x_wconf 83' lang='lat' dir='ltr'><strong>U</strong></span> <span class='ocrx_word' id='word_1_146' title='bbox 1041 2279 1080 2312; x_wconf 89' lang='lat' dir='ltr'><strong>s.</strong></span> 
     </span>
     <span class='ocr_line' id='line_1_26' title="bbox 106 2337 1390 2408; baseline -0.005 -23"><span class='ocrx_word' id='word_1_147' title='bbox 106 2337 245 2408; x_wconf 73' lang='lat' dir='ltr'>Quid</span> <span class='ocrx_word' id='word_1_148' title='bbox 271 2337 465 2384; x_wconf 84' lang='lat' dir='ltr'><strong>tandem</strong></span> <span class='ocrx_word' id='word_1_149' title='bbox 490 2340 656 2389; x_wconf 80' lang='lat' dir='ltr'>admisi</span> <span class='ocrx_word' id='word_1_150' title='bbox 690 2342 741 2388; x_wconf 88' lang='lat' dir='ltr'><strong>in</strong></span> <span class='ocrx_word' id='word_1_151' title='bbox 775 2357 856 2389; x_wconf 88' lang='lat' dir='ltr'><strong>me</strong></span> <span class='ocrx_word' id='word_1_152' title='bbox 877 2375 892 2399; x_wconf 85' lang='lat'>‚</span> <span class='ocrx_word' id='word_1_153' title='bbox 923 2349 980 2386; x_wconf 91' lang='lat' dir='ltr'><strong>ut</strong></span> <span class='ocrx_word' id='word_1_154' title='bbox 1013 2337 1153 2399; x_wconf 91' lang='lat' dir='ltr'>loqui</span> <span class='ocrx_word' id='word_1_155' title='bbox 1179 2350 1281 2382; x_wconf 88' lang='lat' dir='ltr'><strong>non</strong></span> <span class='ocrx_word' id='word_1_156' title='bbox 1309 2350 1390 2379; x_wconf 80' lang='lat' dir='ltr'><strong>au-</strong></span> 
     </span>
     <span class='ocr_line' id='line_1_27' title="bbox 362 2410 536 2457; baseline 0 0"><span class='ocrx_word' id='word_1_157' title='bbox 362 2410 536 2457; x_wconf 84' lang='lat' dir='ltr'><strong>deam?</strong></span> 
     </span>
    </p>
   </div>
  </div>
 </body>
</html>
