1618 2866
225 207 321 254 340
471 186 715 236 MILES
765 187 1261 238 GLORIOSUS.
1421 209 1511 241 v.1

310 363 774 422 ACTUS
866 364 1434 424 PRIMUS.

221 498 1510 544 PYRGOPOLINJCES,ARTOTROGU&

420 636 1324 673 PYRGOPOLINICES.

220 691 530 812 CURATE‚
558 765 613 800 ut
640 754 865 815 splendor
887 770 999 800 meo
1027 755 1086 800 sit
1114 757 1286 818 clypeo
1317 758 1510 818 clarior,

217 831 386 900 Quam
409 830 515 875 solis
543 827 661 874 radii
690 845 784 875 esse
812 829 958 887 olim,
991 845 1103 876 cum
1125 831 1304 878 sudum
1317 833 1402 892 ’st,
1435 850 1513 881 so-

472 903 575 948 lent
595 921 604 946 :

217 977 284 1024 Ut
305 1012 318 1034 ,
348 976 435 1022 ubi
461 992 570 1022 usus
603 975 793 1030 veniat,
823 984 987 1020 contra
1019 987 1230 1022 conserta
1261 993 1410 1024 manu

217 1051 491 1097 Oculorum
516 1049 822 1113 praestringat
854 1050 1005 1095 aciem
1033 1050 1084 1096 in
1110 1051 1208 1096 acie
1243 1051 1471 1099 hostibus.

215 1124 343 1170 Nam
372 1139 460 1186 ego
492 1123 613 1168 hanc
636 1122 933 1168 machaeram
959 1122 1080 1169 mihi
1107 1125 1338 1170 consolari
1363 1127 1506 1185 volo,

213 1198 290 1244 Ne
318 1198 632 1253 lamentetur,
662 1211 785 1241 neve
821 1196 1039 1242 animum
1071 1196 1392 1259 despondeat,

214 1271 346 1340 Quia
368 1287 414 1315 se
432 1269 722 1332 jampridem
752 1268 964 1316 feriatam
991 1270 1207 1334 gestitem
1225 1305 1241 1328 ‚

213 1343 355 1411 Quae
380 1342 545 1387 misera
568 1343 707 1405 gestit
737 1342 913 1388 fartum
941 1342 1091 1390 facere
1130 1360 1190 1390 ex
1221 1344 1452 1392 hostibus.

213 1415 310 1462 Sed
339 1415 423 1461 ubi
451 1414 771 1480 Artotrogus?

522 1514 557 1547 A
592 1516 625 1548 R
662 1515 694 1547 T
731 1515 763 1548 O
801 1515 832 1548 T
868 1516 901 1548 R
937 1515 969 1548 0
1009 1515 1040 1548 G
1079 1514 1116 1547 U
1155 1515 1193 1548 S.

765 1576 858 1638 Hic
887 1587 967 1622 est.
995 1587 1085 1621 stat
1115 1586 1313 1638 propter
1342 1577 1503 1623 virum

209 1653 405 1698 Fortem
422 1685 436 1707 ‚
468 1660 614 1710 atque
650 1650 952 1696 fortunatum
971 1685 985 1706 ‚
1012 1661 1060 1696 et
1084 1649 1239 1696 forma
1266 1651 1414 1715 regia3

210 1727 343 1772 Turn
371 1725 667 1770 bellatorem.
707 1724 828 1770 Mars
857 1724 988 1769 haud
1016 1724 1135 1769 ausit
1172 1723 1356 1782 dicere,

207 1798 382 1858 Neque
412 1796 714 1857 aequiparare
741 1812 840 1841 suas
867 1796 1062 1842 virtutes
1092 1795 1154 1841 ad
1183 1807 1299 1842 tuas,

405 1896 1310 1931 PYRGOPOLINICES.

206 1969 437 2036 Quemne
469 1981 556 2029 ego
587 1965 763 2011 servavi
789 1965 841 2010 in
878 1965 1052 2026 campis
1082 1965 1493 2029 Gurgustidoniis‚

204 2043 303 2089 Ubi
325 2038 755 2088 Bombomachides
786 2037 1371 2101 Cluninstaridysarchides

202 2118 315 2164 Erat
346 2117 846 2177 imperator.summus
864 2147 878 2170 ,
914 2113 1130 2175 Neptuni
1160 2116 1349 2176 nepos?
1388 2164 1392 2167 ,

511 2209 1180 2246 ARTOTROGUS.

202 2282 418 2333 Memini.
458 2297 634 2342 nempe
667 2280 806 2326 illum
842 2279 955 2325 dicis
988 2295 1102 2325 cum
1137 2278 1274 2324 armis
1310 2279 1490 2336 aureis,

201 2357 392 2426 Quojus
424 2365 478 2400 tu
506 2355 714 2418 legiones
745 2352 977 2398 difflavisti
1010 2354 1206 2415 spiritu,

202 2428 351 2499 Quasi
382 2437 554 2476 ventus
582 2425 694 2472 folia
711 2459 726 2484 ,
761 2435 842 2471 aut
864 2425 1135 2487 paniculam
1162 2424 1421 2472 tectoriam.
