1618 2866
232 155 380 214 ‘54²
752 152 1090 202 PERSA,
1455 175 1580 220 v.5o

678 274 716 310 :o
757 274 791 310 ο
830 276 865 310 R
900 276 935 310 D
956 258 1009 311 Ἀ
1045 277 1076 310 L
1114 274 1151 311 11
1182 261 1225 312 s'.

795 335 997 385 Hiccine
1016 337 1105 384 'sti’

634 458 645 466 f
708 429 742 463 Τ
780 430 812 464 Ο
851 432 890 465 X
923 433 946 466 Ι
980 432 1013 466 L
1049 431 1086 465 U
1121 431 1157 465 S.

1101 494 1172 541 Ac
1199 490 1575 560 geminissumus.

673 576 710 609 D
751 577 784 610 Ο
820 579 855 612 R
892 580 928 612 D
964 578 1000 612 A
1034 579 1067 613 L
1103 581 1139 615 U
1176 581 1214 615 S.

283 630 368 686 Dii
395 634 623 699 Deaeque
650 648 698 685 et
723 649 798 699 te,
830 652 877 686 et
906 642 1154 704 geminum
1181 642 1374 691 fiatrem
1404 660 1575 694 excru-

936 716 1076 762 cient.
1200 715 1205 717 ’

613 799 637 834 S
674 797 710 832 A
746 798 780 833 G
816 800 851 834 A
887 801 922 836 R
955 801 977 835 Ι
1015 801 1040 835 S
1077 802 1109 835 Τ
1142 802 1167 836 Ι
1202 804 1248 838 Ο.
1447 830 1449 833 .

1133 862 1238 932 Qui
1263 874 1313 912 te
1336 865 1572 927 perdidit:

278 921 404 971 Nam
433 938 522 988 ego
548 924 668 970 nihil
692 925 861 972 merui.

673 1012 709 1044 D
749 1013 781 1045 o
816 1014 851 1047 R
885 1011 921 1047 D
959 1013 996 1047 A
1032 1013 1063 1047 1.
1100 1012 1138 1046 U
1171 1011 1210 1047 S.

356 1070 421 1118 At
439 1073 567 1119 enim
581 1105 597 1132 ‚
625 1073 762 1133 quod
782 1074 862 1119 ille
878 1073 1081 1131 meruit,
1097 1074 1186 1120 tibi
1206 1073 1260 1121 id
1284 1076 1412 1125 obsit
1437 1081 1563 1127 volo,

703 1166 735 1199 Τ
775 1167 807 1199 0
847 1168 884 1201 x
919 1166 941 1199 1
975 1167 1006 1199 L
1042 1167 1077 1200 U
1114 1165 1150 1199 s.

277 1224 419 1291 {Agite
431 1262 445 1286 ‚
463 1229 609 1287 sultis,
623 1229 751 1275 hunc
770 1228 1066 1275 ludificemus
1079 1263 1093 1286 ‚
1108 1228 1196 1274 nisi
1213 1243 1316 1275 non
1333 1229 1482 1296 dignu
1495 1231 1567 1284 ἐπε.

606 1319 630 1352 s
666 1320 702 1353 A
740 1318 773 1353 G
807 1318 843 1352 A
877 1320 911 1354 R
946 1321 968 1353 1
1005 1320 1028 1355 s
1067 1320 1100 1353 T
1132 1320 1156 1352 1
1191 1320 1237 1354 0.

1183 1424 1186 1427 Δ
1231 1380 1346 1428 Non
1373 1383 1560 1446 opu’st.

567 1462 1281 1500 LEMNISELENE.

268 1518 337 1568 At
366 1536 445 1567 me
473 1520 604 1567 haud
629 1538 712 1583 pat
745 1534 824 1568 est.

701 1607 732 1639 T
769 1607 803 1640 O
842 1607 879 1641 X
914 1608 936 1640 1
971 1610 1003 1643 L
1040 1609 1076 1643 U
1112 1610 1154 1645 S.

331 1669 404 1716 Eo
422 1668 581 1726 credo,
601 1669 712 1729 quia
729 1685 832 1715 non
852 1670 1187 1730 inconciliavit‚
1204 1688 1355 1733 quom
1370 1682 1419 1718 te
1438 1687 1562 1720 emo.

564 1763 1282 1805 LEMNISELENE,

271 1821 514 1871 Attamen.

693 1900 724 1933 T
764 1900 796 1932 o
834 1900 871 1934 x
905 1901 927 1933 1
962 1902 993 1934 L
1030 1900 1068 1933 U
1101 1901 1137 1934 s.

336 1963 451 2010 Non
469 1975 652 2009 tamen:
678 1978 788 2008 cave
813 1979 922 2027 ergo
939 1963 994 2008 sis
1010 1964 1137 2008 malo
1152 1996 1165 2020 ,
1185 1974 1232 2009 et
1248 1980 1441 2024 sequere
1457 1981 1552 2013 me.

266 2036 343 2083 Te
377 2037 496 2082 mihi
540 2036 668 2081 dicto
716 2035 990 2082 audientem
1029 2051 1123 2081 esse
1161 2035 1389 2082 addecet:
1437 2053 1551 2085 nam

522 2109 678 2154 hercle
707 2110 886 2170 absque
919 2126 998 2155 me

267 2181 407 2228 Foret
438 2192 486 2228 et
518 2199 629 2227 meo
662 2183 892 2244 praesidio
913 2217 927 2239 ,
962 2182 1038 2229 hic
1062 2182 1232 2229 faceret
1256 2193 1305 2229 te
1333 2176 1555 2246 prostibi-

523 2258 620 2302 lem
647 2257 942 2319 propediem.
1442 2307 1446 2311 ,

261 2328 362 2379 Sed
390 2331 455 2378 ita
488 2347 593 2393 pars
622 2331 958 2380 libertinorum
986 2332 1069 2392 ’st,
1105 2332 1194 2379 nisi
1221 2344 1426 2396 pattono
1461 2334 1548 2395 qui

518 2406 788 2454 advorsatus
820 2417 929 2466 est,
