1618 2866
246 193 345 238 320
584 178 1186 231 MERCATOR.
1411 201 1538 248 v.53

619 305 650 337 Ε
689 305 725 338 U
754 306 795 338 -Τ
831 306 865 338 Y
905 307 932 339 (3
973 306 1008 339 Η
1045 306 1081 340 U
1117 305 1156 342 S.

245 366 360 415 Non
385 369 530 432 longe
555 368 668 414 hinc
697 369 827 415 abest
850 386 876 414 a
897 369 1050 415 nobis.

638 473 665 505 C
704 472 737 505 H
775 473 810 505 A
846 473 880 505 R
915 471 935 503 I
974 472 1008 505 N
1048 471 1084 504 U
1123 471 1162 506 S.
1216 485 1220 488 ·

571 534 708 604 Quin
735 550 845 598 ergo
870 545 1222 591 conmonstras,
1244 533 1351 579 situ
1373 533 1539 582 vides?

620 633 650 665 E
693 633 728 666 U
765 634 796 666 T
833 633 867 665 Y
906 633 933 665 (3
973 632 1007 664 Η
1045 632 1080 664 U
1119 632 1157 665 s.

244 687 360 739 Non
386 691 528 740 video
557 693 717 740 hercle
740 709 901 751 nunc,
930 693 1011 738 sed
1043 693 1144 738 vidi
1176 693 1343 740 modo.

638 794 1197 841 CHARINUS„

887 855 1028 925 Quin
1060 874 1148 922 ego
1179 859 1370 906 videam
1401 859 1541 907 facis?

625 940 657 974 Ε
693 940 730 973 U
766 940 798 973 Τ
834 941 867 973 Υ
907 941 934 974 (3
973 942 1007 974 Η
1046 942 1080 975 U
1117 943 1156 977 s.

245 993 447 1040 Faciam.
788 1022 796 1029 ι

637 1070 666 1103 c
701 1071 735 1104 H
772 1071 807 1103 A
843 1073 876 1106 R
913 1054 933 1105 1'
968 1074 1002 1106 N
1040 1074 1076 1107 U
1113 1073 1152 1108 s.

375 1132 727 1197 Longinquom
756 1133 876 1180 istuc
905 1135 1084 1180 amanti
1099 1135 1168 1182 ’st.

629 1229 660 1261 E
699 1229 734 1262 U
771 1229 803 1262 T
840 1230 874 1263 Y
910 1231 937 1263 c
976 1232 1010 1264 H
1048 1230 1084 1264 U
1121 1231 1176 1264 s:
1224 1210 1230 1216 ’

953 1292 1109 1339 Etiam
1140 1293 1347 1340 metuis?
1378 1283 1542 1340 omnIa

248 1365 646 1412 Conmonstrabo.
675 1364 869 1410 amicior
896 1366 1017 1411 mihi
1041 1367 1203 1413 nullus
1224 1367 1369 1425 vivit,
1393 1377 1541 1429 atque

503 1453 539 1481 15
574 1447 640 1481 est
657 1470 677 1493 ,,

246 1511 352 1580 Qui
369 1510 498 1555 illam
522 1509 690 1554 habet:
709 1525 872 1570 neque
893 1521 960 1556 est
974 1545 987 1567 ‚
1014 1512 1135 1572 quoi
1153 1513 1298 1577 magis
1317 1529 1397 1559 me
1415 1514 1541 1560 velle

503 1581 673 1626 melius
704 1597 916 1642 aequom
938 1582 1037 1629 siet.

639 1681 666 1712 (3
704 1681 737 1713 Η
777 1682 810 1714 Α
849 1684 882 1716 R
917 1683 938 1715 1
973 1685 1007 1717 N
1046 1684 1081 1717 U
1121 1685 1170 1719 s..

248 1745 364 1792 Non
394 1762 509 1792 curo
538 1747 658 1792 istuc
676 1782 690 1804 ‚
722 1748 853 1793 illam
883 1765 1077 1810 quaero.

631 1842 661 1874 E
701 1841 736 1873 U
773 1842 804 1874 Τ
843 1843 876 1875 Y
913 1843 940 1875 (3
978 1844 1011 1876 Η
1049 1844 1086 1876 U
1121 1845 1162 1878 s.

838 1902 914 1948 De
944 1903 1022 1948 illa
1051 1920 1161 1968 ergo
1186 1919 1274 1967 ego
1306 1904 1414 1951 dico
1434 1906 1539 1954 tibi.

251 1974 373 2022 Sane
389 1976 485 2022 hoc
511 1991 611 2022 non
636 1977 687 2022 in
708 1987 924 2023 mentem
941 1977 1077 2023 venit
1105 1977 1322 2038 dudum,
1346 1981 1419 2026 uti
1437 1981 1541 2028 tibi.

642 2078 668 2109 (3
709 2077 744 2109 Η
778 2076 813 2109 Α
849 2076 882 2108 R
917 2075 938 2107 1
974 2076 1007 2108 N
1044 2074 1079 2108 U
1118 2075 1156 2109 s.

250 2138 344 2187 Dic
367 2140 535 2206 igitur,
562 2139 649 2186 ubi
672 2140 751 2184 illa
779 2138 880 2184 est?

628 2234 659 2268 E
698 2233 732 2266 U
770 2233 800 2265 Τ
837 2232 869 2264 Υ
910 2233 936 2265 (3
974 2232 1008 2265 Η
1045 2231 1081 2264 U
1120 2231 1159 2265 s.

772 2290 831 2335 In
857 2289 1022 2335 nostris
1051 2289 1260 2336 aedibus.

645 2387 672 2420 c
708 2387 743 2420 H
774 2385 808 2419 A
846 2386 878 2419 R
914 2386 935 2419 1
972 2387 1003 2419 N
1043 2386 1078 2420 U
1115 2386 1155 2421 s.

1167 2436 1307 2485 Aedis
1335 2434 1539 2499 probas,
