1618 2866
185 193 284 244 gq
519 173 1120 243 MERCATOR
1376 158 1479 240 mg

184 286 307 332 Usus
325 319 339 343 ,
374 284 553 330 fructus
570 317 583 339 ‚
606 283 791 340 victuS,
828 282 982 327 cultus
1004 281 1105 346 jam
1140 281 1260 327 mihi
1297 282 1492 328 harunc*

441 356 635 402 aedium

184 432 464 479 Interemtu’
484 442 524 477 st
541 466 555 489 ,
587 429 841 476 interfectu
857 429 912 474 ’st
926 463 940 486 ‚
982 428 1188 474 alleuatu
1204 428 1273 474 'st.
1302 428 1469 475 occidi.

185 505 269 552 Dii
301 515 494 566 penates
526 520 694 549 meum
722 513 976 564 parentum
994 535 1009 559 ‚
1057 500 1358 561 familiaeque
1390 501 1479 546 Lar

442 589 602 639 pater,

183 650 337 703 Vobis
375 652 586 708 mando,
625 667 794 697 meum
823 660 1081 712 parentum
1116 664 1219 726 rem
1258 647 1386 695 bene
1423 658 1482 694 ut

441 725 683 770 tutemini.

185 796 290 864 Ege
323 799 444 845 mihi
475 799 587 845 alios
614 799 744 845 Deos
773 798 970 844 Penates
1006 812 1263 858 persequar
1282 830 1298 853 ,
1333 796 1483 843 alium

449 870 618 916 Larem
635 907 649 930 ‚

187 942 344 989 Aliam
371 944 548 990 ‘urbem
565 979 578 1001 ,
619 945 758 990 aliam
794 942 1062 990 civitatem:
1101 942 1163 990 ab
1197 941 1364 990 Atticis
1394 942 1499 988 ab-'

448 1016 619 1063 horreo
641 1036 650 1062 :

188 1088 316 1134 Nam
338 1088 426 1135 ubi
455 1106 610 1136 mores
634 1088 887 1135 deteriores
910 1089 1262 1136 increbrescunt
1281 1088 1332 1134 in
1357 1087 1484 1145 dies,

192 1162 318 1220 Ubi,
344 1163 431 1225 qui
460 1164 631 1221 amici,
652 1163 739 1224 qui
769 1162 982 1208 infideles
1003 1162 1097 1208 sint
1115 1176 1357 1222 ‚nequeas
1379 1177 1484 1222 per-

447 1253 640 1283 noscere
656 1271 671 1294 ‚

191 1307 388 1369 Ubique
424 1310 476 1354 id
512 1311 768 1371 eripiatur,
802 1310 964 1357 animo
999 1320 1088 1357 tuo
1123 1309 1261 1372 quod
1303 1309 1487 1371 placeat

451 1400 706 1429 maxume·

192 1455 268 1502 Ibi
307 1456 509 1518 quidem
548 1457 584 1502 si
604 1455 823 1521 ›reg'num
856 1455 996 1504 detur
1017 1491 1033 1514 ,
1078 1473 1183 1504 non
1221 1469 1288 1505 est
1323 1455 1485 1518 cupita

452 1542 625 1578 clvrtas.

598 1666 927 1714 SCENA
993 1667 1135 1713 ΙΙ.·

241 1808 819 1844 EUTYCHUS,
880 1805 1432 1843 CHARINUS.

567 1935 1100 1969 EUTYCHUS.

195 1992 483 2104 DIVOM
521 2065 667 2116 atque
695 2054 955 2100 hominum
984 2070 1107 2114 quae
1140 2053 1391 2114 spectatrix
1418 2062 1487 2100 at⁴
1526 2067 1530 2069 “

452 2145 549 2191 que
577 2129 685 2174 hera
715 2127 881 2174 eadem
908 2145 953 2174 es
977 2127 1280 2184 hominibus,

197 2201 365 2266 Spem
376 2214 607 2264 speratam
636 2218 791 2263 quom
823 2201 1038 2248 obtulisti
1065 2202 1187 2247 hanc
1219 2200 1365 2259 mihi,
1390 2198 1482 2246 tibi

457 2288 602 2341 grates
629 2292 732 2339 ago.

197 2350 371 2414 Ecquis
399 2366 510 2397 nam
531 2349 661 2394 Deus
681 2359 748 2395 est
763 2383 777 2408 ,
808 2348 895 2411 qui
922 2365 1029 2395 mea
1051 2364 1183 2395 nunc
1212 2348 1364 2394 laetus
1388 2347 1487 2392 1ae⁴

452 2422 554 2469 titia
578 2421 713 2469 fuat?
1507 2424 1509 2426 ’
