1618 2866
228 198 324 248 390
455 177 714 229 MILES
769 180 1270 235 GLoR1osus.
1386 172 1539 250 vss41*

229 292 520 341 Comitatem
558 309 664 358 erga
698 304 747 339 te
779 306 1034 343 amantem.

585 387 1154 426 PLEUSIDES.

834 450 972 520 Quid
1003 469 1124 515 opus
1147 464 1263 501 nota
1288 470 1476 504 noscere
1492 458 1516 503 Ξ>

397 540 1383 579 PERIPLECTOMENES.

158 639 168 650 .
238 605 304 652 Ut
341 603 474 666 apud
510 615 559 650 te
601 605 879 666 exemplum
919 608 1203 670 experiundi
1235 609 1435 668 habeas,
1462 626 1526 658 ne
1589 592 1591 594 V

490 689 620 741 petas
647 678 780 724 foris:

231 750 358 798 Nam
390 752 476 813 qui
495 753 594 813 ipse
623 751 754 797 haud
786 753 989 811 amavit,
1019 770 1152 818 aegre
1183 755 1379 801 amantis
1397 755 1528 820 inge-

492 826 632 871 nium
666 826 867 887 insp1cit.
896 879 908 891 ·

241 887 306 945 Et'
341 914 430 962 ego
465 898 634 944 amoris
665 898 967 958 aliquantum
998 898 1181 956 habeo,
1217 898 1529 959 humorisque

493 987 605 1017 meo
637 972 782 1017 etiam
813 973 865 1018 in
896 988 1120 1032 corpore:

244 1045 419 1107 Neque
473 1044 595 1090 dum
637 1045 797 1091 exarui
840 1061 900 1091 ex
940 1043 1149 1091 amoenis
1187 1044 1328 1090 rebus
1363 1053 1412 1090 et
1444 1060 1534 1091 vo-

496 1119 721 1180 luptariis.

247 1191 341 1238 Vel
370 1193 612 1239 cavillator
636 1183 811 1239 fa’cetus
828 1227 842 1250 ‚
872 1193 952 1239 vel
982 1192 1183 1246 conviva
1211 1191 1497 1239 commodus

242 1267 368 1312 Item
397 1282 476 1311 ero
501 1284 511 1310 ε
549 1281 710 1326 neque
743 1281 830 1329 ego
861 1282 1099 1326 umquam
1136 1265 1392 1312 oblocutor
1422 1266 1528 1311 sum

497 1337 629 1382 alteri
656 1336 706 1381 in
741 1337 977 1383 convivio.

242 1409 650 1455 Incommoditate
669 1409 899 1457 abstinere
917 1426 996 1456 me
1016 1411 1151 1473 apud
1165 1412 1385 1459 convivas
1405 1427 1537 1458 corn-

500 1480 648 1528 mode

248 1555 586 1613 Conmemini,
628 1566 674 1601 et
710 1572 844 1602 meae
883 1555 1104 1602 orationis
1135 1556 1312 1619 justam
1350 1568 1536 1619 partem

500 1644 747 1690 persequr:
1164 1668 1168 1673 f

248 1700 311 1746 Et
336 1717 495 1746 meam
521 1711 706 1761 partem
732 1701 901 1749 itidem
933 1713 1113 1759 tacere,
1139 1716 1294 1762 quom
1318 1701 1468 1748 aliena
1485 1701 1540 1748 ’st

512 1784 674 1818 oratlo.

252 1845 455 1893 Minime
481 1858 695 1907 sputator
711 1880 724 1903 ‚
758 1856 958 1893 screator
983 1862 1089 1892 sum
1106 1880 1120 1903 ‚
1147 1843 1316 1891 itidem
1338 1844 1541 1890 minime

512 1918 772 1965 muccidus.

254 1994 367 2040 Post
385 1994 560 2056 Ephesi
581 2011 688 2040 sum
713 2004 876 2044 natus:
904 2008 1006 2039 non
1024 1993 1074 2038 in
1093 1990 1260 2054 Apusts
1275 2024 1290 2048 ‚
1313 2005 1415 2036 non
1433 2006 1541 2037 sum.
1566 1987 1571 1990 ’

504 2068 558 2113 in
583 2067 792 2114 Umbria.

272 2180 274 2183 .
604 2154 634 2186 P
673 2154 703 2186 L
740 2154 770 2186 E
808 2152 844 2184 U
885 2151 907 2185 S
943 2152 965 2184 I
1000 2152 1035 2184 D
1072 2151 1102 2184 E
1142 2151 1180 2185 S.

256 2214 305 2259 O
334 2214 552 2275 lepidum
583 2214 788 2260 senicem
807 2248 821 2271 ,
854 2213 920 2271 si,
952 2229 1066 2273 quas
1097 2223 1364 2270 memorat,
1394 2212 1544 2259 virtu-

508 2297 577 2331 tes
610 2286 776 2332 habet:

258 2358 421 2422 Atque
447 2359 675 2421 equidem
698 2360 840 2422 piane
866 2357 1099 2405 eductum
1121 2359 1170 2405 in
1189 2359 1430 2406 nutricatu
1445 2356 1541 2404 Veae

509 2432 641 2479 nerio
661 2434 671 2477 !
