1618 2866
83 199 219 243 v.50
398 179 692 228 Acrus
749 177 986 250 uso
1037 177 1079 226 1.
1277 195 1371 242 34⁷

88 293 268 356 Neque
290 293 425 358 pejus
446 308 745 354 quemquam
760 291 936 349 odisse,
955 306 1103 353 quam
1127 291 1272 338 istum
1283 290 1375 338 Mi-

336 367 487 413 litem.

83 440 214 506 Ego,
242 441 473 503 quoniam
500 437 683 500 inspexi
710 435 918 482 mulieris
943 434 1225 481 sententiam
1243 469 1260 493 ,

89 514 210 575 Cepi
228 514 420 559 tabellas
433 547 447 570 ‚
476 509 746 575 consignavi
774 509 1073 555 clanculum:

85 585 214 632 Dedi
244 586 497 632 mercatori
516 619 531 642 ‚
565 583 653 645 qui
681 581 744 628 ad
773 580 914 626 illurn
945 580 1124 627 deferat

90 658 260 706 Meum
293 660 468 706 -herum
485 692 501 715 ,
537 657 626 719 qui
661 654 860 702 Athenis
895 653 1049 700 fuerat
1066 687 1081 712 ,
1128 655 1216 716 qui
1254 655 1377 707 hanc

85 724 89 726 Α
314 744 603 790 amaverat,

90 807 160 854 Ut
184 807 220 854 is
245 809 341 855 huc
372 807 570 855 veniret.
597 807 632 852 is
657 821 760 852 non
790 805 965 868 sprevit
992 805 1248 855 nuntium:

58 910 62 912 -
89 880 217 928 Nam
242 892 291 928 et
316 882 480 939 venit,
511 892 559 927 et
586 880 622 926 is
649 880 700 926 in
734 896 977 941 proxumo
1010 879 1087 925 hic
1112 879 1379 926 devortitur

85 951 235 1015 Apud
251 971 391 1000 suum
408 964 663 1015 paternum
680 952 919 1012 hospitem
932 985 945 1007 ,
964 951 1184 1012 lepidum
1202 969 1377 999 senem.

87 1025 261 1086 Itaque
285 1025 366 1070 ille
394 1023 573 1070 amanti
598 1039 684 1068 suo
708 1021 887 1082 hospiti
918 1037 1104 1067 morem
1133 1023 1281 1086 gerit,

86 1096 287 1159 Nosque
312 1113 455 1159 opera
483 1096 780 1157 consilioque
803 1095 1108 1154 adhortatur,
1130 1097 1285 1160 juvat.

89 1171 263 1231 Itaque
296 1186 384 1234 ego
419 1169 577 1231 paravi
611 1168 689 1214 hic
720 1168 849 1213 intus
880 1183 1071 1232 magnas
1106 1169 1375 1230 machinas,

39 1262 43 1265 <
91 1242 198 1312 Qui
234 1243 431 1288 amantis
460 1258 557 1288 una
582 1242 704 1287 inter
734 1257 782 1286 se
806 1239 1007 1287 facerem
1033 1257 1284 1288 convenas.
1429 1296 1445 1310 .

92 1315 219 1370 Nam
258 1332 414 1363 unum
445 1317 671 1363 conclave
685 1349 700 1373 ,
737 1314 1037 1361 concubinae
1074 1315 1213 1377 quod
1246 1316 1382 1364 dedit

91 1387 256 1446 Miles,
287 1405 388 1449 quo
425 1404 573 1434 nemo
604 1387 694 1433 nisi
724 1403 857 1448 eapse
889 1386 1084 1434 inferret
1110 1387 1317 1450 pedem,

91 1460 152 1515 In
180 1476 240 1507 eo
267 1461 483 1513 conclavi
514 1477 604 1526 ego
633 1460 821 1522 perfodi
846 1459 1076 1523 parietem
1093 1497 1108 1519 ‚

91 1533 206 1603 Qua
230 1545 506 1581 conmeatus
540 1545 654 1580 esset
683 1535 795 1580 hinc
825 1535 921 1580 huc
944 1535 1148 1580 mulieri.

89 1605 155 1652 Et
183 1622 295 1659 sene
320 1608 495 1654 sciente
522 1610 618 1655 hoc
645 1608 758 1654 feci:
790 1609 823 1654 is
855 1609 1111 1655 consilium
1144 1608 1291 1655 dedit.

91 1677 217 1725 Nam
237 1696 374 1726 meus
393 1697 643 1727 conservos
663 1692 729 1727 est
743 1682 894 1727 homo
914 1682 1043 1728 haud
1063 1683 1222 1745 magni
1240 1683 1382 1744 preti,

95 1751 266 1820 Quem
298 1756 595 1801 concubinae
619 1756 755 1802 Miles
790 1756 1041 1802 custodem
1070 1756 1267 1803 addidit.

95 1821 155 1868 Ei
178 1840 270 1885 nos!
291 1826 448 1873 facetis
482 1827 663 1875 fabricis
679 1864 694 1886 ‚
726 1841 773 1875 et
808 1830 957 1876 doctis
994 1830 1115 1876 dolis

98 1894 415 1947 Glaucomam
446 1901 511 1947 ob
545 1904 711 1948 oculos
742 1903 1046 1967 objiciemus:
1082 1921 1295 1966 eumque
1319 1906 1384 1950 ita

98 1967 365 2031 Faciemus‚
390 1986 471 2031 ut,
505 1977 643 2036 quod
668 1976 843 2023 viderit
860 2012 874 2034 ,
896 1993 999 2023 non
1025 1978 1211 2024 viderit.

99 2043 163 2089 Et
188 2061 329 2103 mox,
356 2065 419 2094 ne
454 2050 639 2107 erretis,
666 2051 782 2097 haec
813 2050 1015 2098 duarum
1046 2051 1191 2098 hodie
1226 2052 1383 2098 vicem

102 2114 166 2161 Et
193 2115 270 2168 hic
297 2129 344 2163 et
363 2120 491 2173 illinc
521 2123 694 2168 mulier
721 2123 839 2170 feret
867 2125 1156 2188 imaginem;

105 2186 269 2247 Atque
293 2190 457 2238 eadem
476 2195 589 2252 erit,
608 2212 779 2242 verum
802 2198 892 2243 alia
914 2214 1008 2243 esse
1024 2199 1384 2245 assimulabitur.

103 2259 178 2304 Ita
193 2260 490 2309 ,sublinitum
508 2266 563 2311 ’st
598 2283 649 2313 os
675 2269 861 2315 custodi
891 2262 1113 2316 mulieris.

103 2331 201 2378 Sed
228 2332 336 2378 foris
366 2340 643 2398 concrepuit
673 2341 786 2388 hinc
815 2360 841 2388 a
869 2344 1029 2389 vicino
1064 2359 1187 2389 sene.

107 2405 215 2467 Ipse
239 2407 361 2453 exit:
383 2408 460 2454 hic
487 2410 564 2455 ille
591 2422 658 2457 est
679 2413 891 2474 lepidus,
918 2432 1066 2475 quem
1083 2415 1208 2469 dixi,
1229 2428 1383 2458 senex.
