1618 2866
253 196 348 258 364
475 177 1266 241 MILESGLORIO'sus.
1398 193 1531 252 νω-

566 314 1205 348 PALAESTR-Io.

253 382 390 429 Meus
421 383 514 428 illic
551 383 702 428 homo
731 383 810 428 ’st:
849 383 1116 430 deturbabo
1140 384 1241 448 jam
1269 399 1356 448 ego
1395 384 1537 430 illum

508 454 568 500 de
598 455 890 519 pugnaculis.
1343 511 1346 515 ἢ
1539 474 1542 476 ·

254 525 364 577 Vin’
378 527 479 591 jam
503 527 669 573 fficiam
687 561 699 584 ‚
725 539 780 572 ut
803 527 1105 574 stultividum
1128 539 1176 574 te
1197 526 1408 574 fatearis?

616 628 638 662 s
679 629 704 661 C
743 629 772 661 Ε
810 629 839 661 L
875 629 905 660 E
943 630 978 660 D
1014 629 1047 661 R
1083 627 1118 660 U
1156 628 1194 662 s.

1201 702 1207 704 -
1279 677 1540 743 Age‚face.

575 759 605 792 P
642 757 673 791 A
710 758 740 790 L
777 757 810 791 A
845 758 874 790 E
914 757 935 791 s
972 758 1002 790 T
1038 758 1071 790 R
1107 759 1128 791 1
1167 758 1216 790 o.

260 816 435 879 Neque
465 827 514 863 te
539 817 811 879 quidquam
843 833 1001 879 sapere
1031 817 1173 863 corde
1195 851 1208 873 ,
1240 832 1403 876 neque
1432 831 1545 861 ocu-

1197 889 1251 934 lis
1281 889 1390 934 uti?

622 984 645 1018 s
684 985 711 1017 c
750 985 781 1017 Ε
819 984 849 1016 L
885 984 915 1017 E
952 985 987 1017 D
1022 985 1057 1017 R
1089 983 1126 1017 u
1165 983 1206 1017 s.

1407 1033 1551 1080 Volo,

581 1113 610 1147 P
647 1113 681 1147 A
717 1114 748 1147 L
784 1114 819 1147 A
854 1114 884 1146 Ε
922 1113 943 1146 s
980 1114 1012 1147 Τ
1047 1113 1082 1146 Β
1117 1112 1138 1145 1
1175 1113 1224 1146 o.

266 1180 456 1243 Nempe
487 1192 544 1228 tu
565 1181 665 1228 istic
691 1181 752 1227 ais
774 1197 867 1226 esse
887 1180 1086 1226 herilem
1104 1177 1456 1226 concubinam?

631 1282 653 1316 s
692 1282 718 1315 c
755 1282 785 1315 E
822 1281 853 1315 L
888 1282 918 1314 Ε
955 1282 991 1314 D
1027 1282 1061 1315 R
1097 1281 1134 1314 U
1172 1281 1212 1315 s.

1213 1339 1377 1401 Atque
1407 1353 1554 1401 arguo

270 1416 388 1464 Eam
411 1432 490 1462 me
523 1414 690 1462 vidisse
720 1415 1013 1460 osculantem
1047 1415 1123 1461 hic
1150 1415 1277 1461 intus
1307 1429 1421 1460 cum
1441 1411 1555 1458 alie-

527 1504 592 1533 no
615 1503 733 1533 vno.

580 1581 609 1614 P
650 1581 685 1614 A
722 1581 751 1613 L
788 1580 821 1614 A
858 1582 888 1614 Ε
927 1582 950 1615 s
986 1582 1018 1614 T
1052 1583 1086 1615 Β
1122 1581 1143 1613 1
1180 1581 1229 1614 o.

275 1638 396 1687 Scin’
417 1651 472 1686 tu
494 1641 686 1687 nullum
711 1652 1019 1687 conmeatum
1037 1641 1149 1687 hinc
1173 1657 1264 1687 esse
1281 1657 1309 1687 a
1324 1639 1496 1686 nobis?
1543 1627 1547 1629 ”

634 1740 657 1774 s
697 1741 723 1772 c
761 1740 791 1773 Ε
827 1740 856 1773 L
892 1741 924 1773 Ε
960 1740 996 1772 D
1032 1741 1066 1774 R
1103 1739 1138 1773 U
1178 1740 1216 1774 s.

1437 1789 1562 1838 Scio.

519 1858 532 1861 “
592 1869 1234 1903 PALAEs'rR1o.

278 1929 451 1991 Neque
472 1930 694 1976 solarium
710 1963 724 1987 ,
748 1945 910 1990 neque
934 1930 1129 1976 hortum
1143 1962 1157 1987 ,
1181 1929 1268 1975 nisi
1290 1943 1374 1990 per
1397 1928 1563 1991 inplu-

1225 2000 1361 2047 vium
1378 2001 1399 2046 ?

638 2086 662 2121 s
702 2086 729 2120 c
766 2087 797 2120 Ε
834 2086 864 2120 L
899 2087 930 2120 Ε
966 2087 1002 2119 D
1038 2087 1072 2121 R
1108 2085 1144 2118 U
1181 2085 1218 2119 s.

951 2186 955 2190 .
1441 2135 1565 2183 Scio.

593 2215 623 2249 P
661 2216 695 2249 A
731 2215 762 2248 L
799 2215 834 2249 A
870 2216 901 2249 Ε
938 2214 960 2248 s
998 2215 1028 2248 Τ
1064 2215 1097 2248 Β
1133 2215 1153 2248 1
1191 2216 1239 2249 o.
1551 2213 1558 2217 ·

281 2284 420 2357 Quid
449 2301 581 2331 nunc
602 2319 615 2341 ,
651 2285 687 2330 si
716 2301 769 2329 ea
799 2283 933 2329 domi
953 2284 1037 2340 'st,
1068 2284 1106 2328 si
1138 2283 1335 2342 faciam,
1366 2292 1565 2329 ut‘eam

538 2360 662 2406 exire
686 2359 799 2405 hinc
819 2357 974 2404 videas
996 2357 1144 2405 domo
1159 2393 1174 2417 ‚

283 2432 469 2499 Dignus
503 2450 549 2480 es
578 2432 853 2482 verberibus
882 2430 1081 2479 multis?
