1618 2866
131 232 316 280 ηρ,
449 212 738 262 AcTth
790 213 828 259 1.
879 211 992 260 sc.
1043 212 1081 258 1.
1381 227 1423 276 9*

473 331 1053 367 PALINURUS.

133 406 286 455 Malus
314 407 630 454 clandestinus
664 416 731 452 est
761 422 895 452 amor
916 440 931 463 ‚
969 403 1200 451 damnum
1224 403 1280 449 ’st
1311 419 1415 450 rne-

386 498 509 527 rum.

432 569 1103 606 PHAEDROMUS.

134 638 216 686 Est
229 672 246 698 ,
270 639 426 703 hlercle
439 673 455 697 ‚
479 638 543 684 ita
571 647 629 683 ut
653 647 711 683 tu
737 635 863 682 dicis.

486 732 517 766 P
553 732 589 765 A
622 732 653 765 I.
688 733 710 765 I
744 733 778 766 N
817 730 854 764 U
888 731 922 764 R
958 729 993 762 U
1031 729 1069 763 S.

813 799 986 858 Jamne
1014 815 1068 845 ea
1090 797 1179 844 fert
1202 797 1377 862 jugum
1394 797 1417 843 ?

242 939 243 942 Ἰ
443 887 474 921 P
508 886 543 919 H
577 886 612 920 A
646 887 677 920 E
714 887 750 920 D
786 887 820 920 R
856 887 888 920 O
927 886 970 918 Μ
1005 885 1040 918 U
1078 884 1116 918 S.

141 953 266 1009 Tam
292 971 318 1000 a
339 970 419 1000 me
449 944 691 1017 pudica'st'
706 991 720 1012 ‚
747 972 894 1016 quam
922 955 959 1000 si
984 971 1111 1000 soror
1134 952 1202 998 mi
1225 951 1306 997 sit:
1331 948 1419 1000 nisi

140 1024 191 1073 Si
208 1027 280 1073 &st
307 1029 579 1074 osculando·
598 1028 852 1090 quidpiam
876 1027 1159 1088 inpudicior.

490 1123 519 1156 P
558 1123 592 1155 A
628 1122 658 1155 L
693 1122 714 1154 I
751 1123 786 1156 N
824 1121 859 1153 U
894 1123 930 1155 R
963 1122 998 1153 U
1038 1120 1075 1153 S.

138 1186 334 1252 Semper
352 1225 366 1249 ,
400 1202 456 1237 tu
482 1192 598 1237 scito
616 1225 629 1248 ‚
661 1190 852 1237 flamma
877 1190 1012 1237 fumo
1037 1191 1094 1236 ‘st
1118 1204 1367 1251 proxuma.

141 1264 297 1311 Fumo
324 1266 525 1311 conburi
542 1266 612 1311 nil
632 1277 790 1328 potest
805 1302 819 1324 ,
848 1266 1041 1312 flamma
1069 1277 1240 1327 potest.

142 1336 247 1406 Qui
274 1353 300 1382 e
321 1353 452 1383 nuce·
465 1339 694 1384 nucleum
726 1356 819 1385 esse
847 1341 951 1386 volt
968 1375 983 1396 ,
1007 1339 1178 1403 frangit
1208 1348 1398 1384 nucem.

147 1409 258 1479 Qui.
275 1412 379 1457 volt
409 1411 580 1458 cubare
597 1447 611 1470 ‚
635 1412 805 1474 pandit
832 1415 1005 1460 saltum
1027 1414 1171 1460 saviis.

450 1515 479 1548 P
514 1516 549 1549 Η
583 1515 618 1548 A
652 1516 682 1548 Ε
724 1517 760 1548 D
796 1517 829 1549 R
865 1517 897 1549 o
934 1516 976 1548 M
1004 1516 1039 1548 U
1076 1515 1113 1549 s.

140 1579 207 1628 At
226 1582 306 1628 illa
321 1583 374 1629 ’st
398 1584 600 1646 pudica,
619 1601 781 1645 neque
808 1584 928 1630 dum
954 1584 1137 1630 cubitat
1157 1599 1270 1630 cum
1295 1581 1414 1628 viris.

501 1685 530 1717 P
565 1684 600 1717 A
635 1684 665 1716 Ι,
701 1684 721 1716 1
755 1684 790 1716 N
825 1683 861 1715 U
897 1685 931 1717 R
966 1683 1002 1715 U
1038 1683 1076 1716 s.

146 1747 375 1807 Credam,
398 1749 559 1812 pudor
586 1749 623 1794 si
647 1748 894 1810 quoipiam
919 1749 1084 1794 lenoni
1112 1748 1210 1793 §iet

454 1847 1121 1881 PHAEDROMUS.

106 1926 113 1929 ”
147 1921 308 1987 {Immo
331 1934 388 1969 ut
404 1924 532 1969 illam
551 1923 738 1968 censes?
760 1934 817 1968 ut
837 1938 1059 1984 quaeque
1081 1923 1150 1968 illi
1173 1922 1349 1968 occasio
1368 1921 1423 1966 ’st

150 1992 387 2057 Surripere
413 2013 460 2042 se
485 1995 547 2042 ad
573 2013 682 2053 me,
707 1995 792 2041 ubi
823 1996 1005 2042 savium
1031 1996 1226 2059 oppegit
1243 2030 1256 2052 ‚
1285 1994 1419 2058 fugit.

115 2105 118 2110 .
150 2063 211 2110 Id
239 2082 296 2113 eo
328 2069 411 2125 fit,
442 2069 556 2129 quia
579 2069 657 2115 hic
678 2070 791 2116 leno
822 2080 1035 2133 aegrotus
1061 2068 1258 2114 incubat

153 2137 215 2184 In
237 2138 483 2204 Aesculapi
508 2141 648 2200 fano,
676 2143 712 2188 is
741 2160 821 2189 me
852 2144 1098 2189 excruciat.

505 2235 1076 2270 PALINURUS.

297 2314 306 2335 ἱ
565 2309 570 2318 ’
1163 2292 1425 2366 Quidest?

459 2381 491 2414 1³
523 2372 560 2414 Η
593 2382 628 2414 A
660 2383 691 2415 E
726 2384 763 2417 n
796 2385 832 2418 R
869 2383 902 2416 o
938 2383 983 2416 M
1017 2383 1053 2416 U
1089 2382 1128 2415 s·

155 2440 280 2489 'Alias
300 2461 379 2491 me
400 2449 550 2507 poscit
577 2466 665 2512 pro
694 2451 771 2497 illa
800 2452 990 2516 triginta
1016 2452 1164 2497 minas
1179 2485 1193 2508 >
