1618 2866
239 200 336 248 394
461 183 712 232 MILES
757 186 1262 239 GLORIOSUS.
1396 204 1530 256 v⁴97

239 292 316 339 Da
346 292 433 353 qui
463 291 651 349 farciat,
689 291 749 337 da
780 293 867 353 qui
899 293 1116 341 condiat:
1151 295 1212 343 da
1240 297 1378 358 quod
1413 297 1526 346 dem

501 364 890 433 Quinquatribus
905 401 919 424 ,

240 438 563 495 Praecantrici,
579 437 871 503 conjectrici3'
882 441 1083 488 hariolae
1102 452 1249 504 atque
1270 446 1524 508 aruspicae:

241 512 496 576 Flagitium
513 513 598 569 'st‚
633 513 668 558 si
703 513 823 560 nihil
850 514 1069 562 mittetur
1087 550 1102 574 ‚
1138 532 1240 577 quo
1273 520 1524 580 supercilio

496 586 659 647 spicit!
948 601 953 606 ·

243 656 376 703 Tum
392 657 638 719 piatrIcem
658 659 940 718 clementer,
959 676 1060 707 non
1082 672 1264 723 potest,
1284 662 1406 723 quin
1423 680 1532 710 mu·-

497 747 675 778 nerem.

242 802 566 864 Jampridem,
602 803 715 864 quia
735 803 855 850 nihil
878 806 1148 863 abstulerit,
1182 818 1424 852 succenset
1458 824 1532 854 ce-

498 891 626 921 rana.

245 945 379 991 Tum
409 947 639 994 obstetrix
657 948 975 1010 expostulavit
994 966 1186 997 mecum
1201 985 1215 1009 ,
1239 967 1410 1012 parum
1426 951 1536 997 mis-

505 1035 612 1065 sum
642 1019 743 1066 sibi.
1472 1072 1477 1075 ,

247 1090 425 1160 Quid?
458 1094 634 1140 nutrici
664 1110 768 1139 non
805 1093 1025 1141 missurus
1065 1093 1368 1156 quidquam,
1411 1111 1536 1157 quae

503 1183 666 1213 vernas
692 1166 808 1212 alit?

248 1237 381 1285 Haec
406 1250 554 1302 atque
579 1241 720 1304 hujus
747 1240 914 1287 similia
938 1240 1027 1287 alia
1052 1239 1225 1287 damna
1253 1239 1406 1286 multa
1425 1256 1537 1286 mu-

504 1315 674 1360 lierum
691 1350 705 1372 ‚

248 1387 330 1435 Me
361 1404 512 1435 uxore
544 1389 805 1450 prohibent
823 1421 838 1445 ‚
876 1388 996 1434 mihi
1036 1404 1159 1450 quae
1189 1388 1334 1452 hujus
1368 1387 1539 1434 similes

507 1477 745 1507 sermones
779 1471 910 1506 serat.

576 1555 606 1589 P
643 1555 678 1590 A
714 1557 744 1590 L
780 1555 815 1589 A
852 1556 883 1588 E
921 1554 943 1588 S
981 1555 1011 1588 T
1049 1555 1082 1588 R
1119 1555 1139 1587 1
1178 1554 1228 1587 Ο.

252 1617 335 1666 Dii
372 1618 463 1665 tibi
495 1618 691 1680 propitii
723 1628 836 1664 sunt
866 1617 1049 1663 hercle:
1085 1630 1199 1661 nam
1232 1614 1270 1660 si
1301 1614 1437 1660 istam
1471 1628 1542 1659 se-

483 1702 486 1704 '
509 1693 607 1737 mel
636 1691 838 1737 amiseris

251 1763 544 1810 Libertatem
571 1799 585 1822 ‚
619 1765 750 1811 haud
786 1764 920 1811 facile
953 1763 1182 1810 eumdem
1217 1778 1372 1809 rursus
1406 1761 1539 1808 resti<

509 1845 613 1882 tues
642 1838 821 1882 locum.

613 1919 640 1952 P
677 1919 708 1952 L
744 1919 774 1951 Ε
813 1918 848 1950 U
886 1918 908 1952 s
946 1917 967 1950 1
1003 1918 1039 1950 D
1076 1917 1106 1948 E
1146 1915 1183 1949 s.

256 1971 322 2019 At
352 1972 430 2019 illa
460 1972 559 2018 laus
589 1982 656 2017 est
675 2006 689 2028 ,
713 1987 888 2034 magno
921 1970 972 2014 in
1001 1983 1172 2032 genere
1209 1977 1258 2014 et
1285 1967 1337 2013 in
1369 1966 1543 2014 divitiis

511 2060 773 2100 maxumis,

257 2118 452 2166 Liberos
468 2119 717 2165 hominem
736 2115 957 2173 educare,
976 2113 1135 2179 generi
1158 2124 1538 2160 monumentum

518 2205 566 2240 et
589 2192 689 2239 sibi.

424 2283 1438 2324 PERIPLEGTOMENES.-

263 2348 475 2420 Quando
498 2348 654 2395 habeo
685 2347 863 2392 multos
898 2356 1121 2410 cognatos
1142 2379 1157 2403 ‚
1191 2343 1314 2406 quid
1340 2358 1460 2405 opus
1484 2341 1543 2389 sit

514 2422 634 2469 mihi
667 2421 822 2468 liberis
839 2420 860 2466 ?
