<?xml version="1.0" encoding="UTF-8"?>
<!DOCTYPE html PUBLIC "-//W3C//DTD XHTML 1.0 Transitional//EN"
    "http://www.w3.org/TR/xhtml1/DTD/xhtml1-transitional.dtd">
<html xmlns="http://www.w3.org/1999/xhtml" xml:lang="en" lang="en">
 <head>
  <title>
</title>
<meta http-equiv="Content-Type" content="text/html;charset=utf-8" />
  <meta name='ocr-system' content='tesseract 3.04.00' />
  <meta name='ocr-capabilities' content='ocr_page ocr_carea ocr_par ocr_line ocrx_word'/>
</head>
<body>
  <div class='ocr_page' id='page_1' title='image "./comoediaesuperst02plauuoft_0346.png"; bbox 0 0 1618 2866; ppageno 0'>
   <div class='ocr_carea' id='block_1_1' title="bbox 213 130 1244 233">
    <p class='ocr_par' dir='ltr' id='par_1_1' title="bbox 213 130 1244 233">
     <span class='ocr_line' id='line_1_1' title="bbox 213 130 1244 233; baseline 0.016 -16"><span class='ocrx_word' id='word_1_1' title='bbox 213 170 307 232; x_wconf 84' lang='lat'><em>338</em></span> <span class='ocrx_word' id='word_1_2' title='bbox 399 130 412 142; x_wconf 26' lang='lat' dir='ltr'>x</span> <span class='ocrx_word' id='word_1_3' title='bbox 472 171 1244 233; x_wconf 90' lang='lat' dir='ltr'><strong>ARGUMENTUM.</strong></span> 
     </span>
    </p>
   </div>
   <div class='ocr_carea' id='block_1_2' title="bbox 152 283 1343 869">
    <p class='ocr_par' dir='ltr' id='par_1_2' title="bbox 213 283 1194 428">
     <span class='ocr_line' id='line_1_2' title="bbox 213 283 1152 350; baseline 0.012 -19"><span class='ocrx_word' id='word_1_4' title='bbox 213 283 364 332; x_wconf 60' lang='lat' dir='ltr'><em>Liceie</em></span> <span class='ocrx_word' id='word_1_5' title='bbox 395 298 445 332; x_wconf 89' lang='lat' dir='ltr'><em>ut</em></span> <span class='ocrx_word' id='word_1_6' title='bbox 474 290 615 350; x_wconf 80' lang='lat' dir='ltr'><em>quiret</em></span> <span class='ocrx_word' id='word_1_7' title='bbox 646 293 866 336; x_wconf 82' lang='lat' dir='ltr'><em>convenire</em></span> <span class='ocrx_word' id='word_1_8' title='bbox 896 295 1152 342; x_wconf 88' lang='lat' dir='ltr'><em>amantibus.</em></span> 
     </span>
     <span class='ocr_line' id='line_1_3' title="bbox 217 358 1194 428; baseline 0.012 -26"><span class='ocrx_word' id='word_1_9' title='bbox 217 358 506 403; x_wconf 83' lang='lat' dir='ltr'><em>Oblzaerentes</em></span> <span class='ocrx_word' id='word_1_10' title='bbox 537 372 677 405; x_wconf 88' lang='lat' dir='ltr'><em>custos</em></span> <span class='ocrx_word' id='word_1_11' title='bbox 705 361 779 407; x_wconf 75' lang='lat' dir='ltr'><em>hos</em></span> <span class='ocrx_word' id='word_1_12' title='bbox 807 364 918 410; x_wconf 78' lang='lat' dir='ltr'><em>vidit</em></span> <span class='ocrx_word' id='word_1_13' title='bbox 946 366 995 411; x_wconf 88' lang='lat' dir='ltr'><em>de</em></span> <span class='ocrx_word' id='word_1_14' title='bbox 1024 369 1194 428; x_wconf 85' lang='lat' dir='ltr'><em>tegulis.</em></span> 
     </span>
    </p>

    <p class='ocr_par' dir='ltr' id='par_1_3' title="bbox 152 432 1242 716">
     <span class='ocr_line' id='line_1_4' title="bbox 152 432 1242 498; baseline 0.009 -19"><span class='ocrx_word' id='word_1_15' title='bbox 152 492 155 495; x_wconf 26' lang='grc' dir='ltr'>Ι</span> <span class='ocrx_word' id='word_1_16' title='bbox 208 432 439 480; x_wconf 82' lang='lat' dir='ltr'><em>Ridiculus</em></span> <span class='ocrx_word' id='word_1_17' title='bbox 467 445 640 483; x_wconf 82' lang='lat' dir='ltr'><em>autem,</em></span> <span class='ocrx_word' id='word_1_18' title='bbox 673 439 799 498; x_wconf 82' lang='lat' dir='ltr'><em>quasi</em></span> <span class='ocrx_word' id='word_1_19' title='bbox 825 440 884 483; x_wconf 88' lang='lat' dir='ltr'><em>sit</em></span> <span class='ocrx_word' id='word_1_20' title='bbox 913 441 1032 489; x_wconf 84' lang='lat' dir='ltr'><em>alia,</em></span> <span class='ocrx_word' id='word_1_21' title='bbox 1063 442 1242 489; x_wconf 84' lang='lat' dir='ltr'><em>luditur.</em></span> 
     </span>
     <span class='ocr_line' id='line_1_5' title="bbox 209 505 1123 569; baseline 0.012 -21"><span class='ocrx_word' id='word_1_22' title='bbox 209 505 402 567; x_wconf 81' lang='lat' dir='ltr'><em>Itemque</em></span> <span class='ocrx_word' id='word_1_23' title='bbox 431 506 613 569; x_wconf 80' lang='lat' dir='ltr'><em>impellit</em></span> <span class='ocrx_word' id='word_1_24' title='bbox 638 508 819 554; x_wconf 84' lang='lat' dir='ltr'><em>militem</em></span> <span class='ocrx_word' id='word_1_25' title='bbox 847 509 1123 563; x_wconf 75' lang='lat' dir='ltr'><em>Palaestrio,</em></span> 
     </span>
     <span class='ocr_line' id='line_1_6' title="bbox 191 578 1211 647; baseline 0.012 -25"><span class='ocrx_word' id='word_1_26' title='bbox 191 578 422 638; x_wconf 24' lang='lat' dir='ltr'><em>„Omissam</em></span> <span class='ocrx_word' id='word_1_27' title='bbox 445 578 601 642; x_wconf 86' lang='lat' dir='ltr'><em>faciat</em></span> <span class='ocrx_word' id='word_1_28' title='bbox 633 583 934 632; x_wconf 79' lang='lat' dir='ltr'><em>concubinam,</em></span> <span class='ocrx_word' id='word_1_29' title='bbox 968 587 1137 647; x_wconf 88' lang='lat' dir='ltr'><em>quando</em></span> <span class='ocrx_word' id='word_1_30' title='bbox 1171 589 1211 634; x_wconf 85' lang='lat' dir='ltr'><em>ei</em></span> 
     </span>
     <span class='ocr_line' id='line_1_7' title="bbox 203 653 1037 716; baseline 0.006 -18"><span class='ocrx_word' id='word_1_31' title='bbox 203 653 327 698; x_wconf 84' lang='lat' dir='ltr'><em>Senis</em></span> <span class='ocrx_word' id='word_1_32' title='bbox 359 653 493 698; x_wconf 84' lang='lat' dir='ltr'><em>vicini</em></span> <span class='ocrx_word' id='word_1_33' title='bbox 529 655 676 716; x_wconf 82' lang='lat' dir='ltr'><em>cupiat</em></span> <span class='ocrx_word' id='word_1_34' title='bbox 710 672 823 700; x_wconf 85' lang='lat' dir='ltr'><em>uxor</em></span> <span class='ocrx_word' id='word_1_35' title='bbox 854 658 1037 703; x_wconf 85' lang='lat' dir='ltr'><em>nubere:</em></span> 
     </span>
    </p>

    <p class='ocr_par' dir='ltr' id='par_1_4' title="bbox 202 726 1343 869">
     <span class='ocr_line' id='line_1_8' title="bbox 207 726 1343 797; baseline 0.011 -26"><span class='ocrx_word' id='word_1_36' title='bbox 207 726 333 772; x_wconf 86' lang='lat' dir='ltr'><em>Ultro</em></span> <span class='ocrx_word' id='word_1_37' title='bbox 361 727 510 776; x_wconf 80' lang='lat' dir='ltr'><em>abeat,</em></span> <span class='ocrx_word' id='word_1_38' title='bbox 533 740 654 796; x_wconf 80' lang='lat' dir='ltr'><em>orat,</em></span> <span class='ocrx_word' id='word_1_39' title='bbox 690 729 822 776; x_wconf 90' lang='lat' dir='ltr'><em>donat</em></span> <span class='ocrx_word' id='word_1_40' title='bbox 846 732 999 777; x_wconf 87' lang='lat' dir='ltr'><em>multa.</em></span> <span class='ocrx_word' id='word_1_41' title='bbox 1029 735 1115 797; x_wconf 84' lang='lat' dir='ltr'><em>ipse</em></span> <span class='ocrx_word' id='word_1_42' title='bbox 1146 726 1192 780; x_wconf 80' lang='lat' dir='ltr'><em>in</em></span> <span class='ocrx_word' id='word_1_43' title='bbox 1224 735 1343 782; x_wconf 82' lang='lat' dir='ltr'><em>domo</em></span> 
     </span>
     <span class='ocr_line' id='line_1_9' title="bbox 202 800 1215 869; baseline 0.007 -23"><span class='ocrx_word' id='word_1_44' title='bbox 202 800 326 846; x_wconf 81' lang='lat' dir='ltr'><em>Senis</em></span> <span class='ocrx_word' id='word_1_45' title='bbox 347 801 608 864; x_wconf 78' lang='lat' dir='ltr'><em>prehensus,</em></span> <span class='ocrx_word' id='word_1_46' title='bbox 631 820 793 867; x_wconf 81' lang='lat' dir='ltr'><em>poenas</em></span> <span class='ocrx_word' id='word_1_47' title='bbox 811 822 894 869; x_wconf 77' lang='lat' dir='ltr'><em>pro</em></span> <span class='ocrx_word' id='word_1_48' title='bbox 926 807 1094 852; x_wconf 76' lang='lat' dir='ltr'><em>moecho</em></span> <span class='ocrx_word' id='word_1_49' title='bbox 1119 807 1215 853; x_wconf 91' lang='lat' dir='ltr'><em>luit.</em></span> 
     </span>
    </p>
   </div>
   <div class='ocr_carea' id='block_1_3' title="bbox 265 954 1433 1126">
    <p class='ocr_par' dir='ltr' id='par_1_5' title="bbox 265 954 1433 1126">
     <span class='ocr_line' id='line_1_10' title="bbox 265 954 1433 1012; baseline 0.01 -12"><span class='ocrx_word' id='word_1_50' title='bbox 265 954 599 1003; x_wconf 86' lang='lat' dir='ltr'><strong>ALIUD</strong></span> <span class='ocrx_word' id='word_1_51' title='bbox 673 958 1433 1012; x_wconf 90' lang='lat' dir='ltr'>ARGUMENTUM</span> 
     </span>
     <span class='ocr_line' id='line_1_11' title="bbox 569 1078 1113 1126; baseline 0.011 -6"><span class='ocrx_word' id='word_1_52' title='bbox 569 1078 1113 1126; x_wconf 84' lang='lat' dir='ltr'>CAMERARII.</span> 
     </span>
    </p>
   </div>
   <div class='ocr_carea' id='block_1_4' title="bbox 178 1185 1563 2502">
    <p class='ocr_par' dir='ltr' id='par_1_6' title="bbox 178 1185 1563 2502">
     <span class='ocr_line' id='line_1_12' title="bbox 267 1185 1496 1242; baseline 0.01 -12"><span class='ocrx_word' id='word_1_53' title='bbox 267 1186 351 1232; x_wconf 91' lang='lat' dir='ltr'><em>IN</em></span> <span class='ocrx_word' id='word_1_54' title='bbox 387 1185 469 1231; x_wconf 79' lang='lat' dir='ltr'><em>hac</em></span> <span class='ocrx_word' id='word_1_55' title='bbox 506 1185 675 1232; x_wconf 86' lang='lat' dir='ltr'><em>Fabula</em></span> <span class='ocrx_word' id='word_1_56' title='bbox 717 1188 793 1233; x_wconf 80' lang='lat' dir='ltr'><em>hoc</em></span> <span class='ocrx_word' id='word_1_57' title='bbox 820 1206 904 1235; x_wconf 86' lang='lat' dir='ltr'><em>non</em></span> <span class='ocrx_word' id='word_1_58' title='bbox 945 1192 1081 1236; x_wconf 88' lang='lat' dir='ltr'><em>solum</em></span> <span class='ocrx_word' id='word_1_59' title='bbox 1120 1194 1286 1240; x_wconf 86' lang='lat' dir='ltr'><em>ratione</em></span> <span class='ocrx_word' id='word_1_60' title='bbox 1323 1206 1366 1240; x_wconf 91' lang='lat' dir='ltr'><em>et</em></span> <span class='ocrx_word' id='word_1_61' title='bbox 1400 1207 1496 1242; x_wconf 86' lang='lat' dir='ltr'><em>arte</em></span> 
     </span>
     <span class='ocr_line' id='line_1_13' title="bbox 188 1256 1498 1332; baseline 0.01 -31"><span class='ocrx_word' id='word_1_62' title='bbox 188 1256 370 1323; x_wconf 69' lang='lat' dir='ltr'><em>jactum</em></span> <span class='ocrx_word' id='word_1_63' title='bbox 409 1275 494 1302; x_wconf 87' lang='lat' dir='ltr'><em>esse</em></span> <span class='ocrx_word' id='word_1_64' title='bbox 538 1277 565 1304; x_wconf 87' lang='lat' dir='ltr'><em>a</em></span> <span class='ocrx_word' id='word_1_65' title='bbox 594 1259 730 1304; x_wconf 77' lang='lat' dir='ltr'><em>Poeta</em></span> <span class='ocrx_word' id='word_1_66' title='bbox 756 1261 895 1307; x_wconf 83' lang='lat' dir='ltr'><em>videri</em></span> <span class='ocrx_word' id='word_1_67' title='bbox 923 1265 1095 1326; x_wconf 80' lang='lat' dir='ltr'><em>possit,</em></span> <span class='ocrx_word' id='word_1_68' title='bbox 1130 1265 1244 1327; x_wconf 87' lang='lat' dir='ltr'><em>quod</em></span> <span class='ocrx_word' id='word_1_69' title='bbox 1273 1267 1498 1332; x_wconf 67' lang='lat' dir='ltr'><em>respondet*</em></span> 
     </span>
     <span class='ocr_line' id='line_1_14' title="bbox 197 1319 1494 1401; baseline 0.008 -23"><span class='ocrx_word' id='word_1_70' title='bbox 197 1319 515 1399; x_wconf 69' lang='grc' dir='ltr'><em>καταπροφη,</em></span> <span class='ocrx_word' id='word_1_71' title='bbox 550 1333 598 1377; x_wconf 90' lang='lat' dir='ltr'><em>id</em></span> <span class='ocrx_word' id='word_1_72' title='bbox 618 1345 704 1380; x_wconf 88' lang='lat' dir='ltr'><em>est</em></span> <span class='ocrx_word' id='word_1_73' title='bbox 727 1337 843 1396; x_wconf 82' lang='lat' dir='ltr'><em>finis</em></span> <span class='ocrx_word' id='word_1_74' title='bbox 869 1335 929 1380; x_wconf 85' lang='lat' dir='ltr'><em>ad</em></span> <span class='ocrx_word' id='word_1_75' title='bbox 938 1354 1227 1401; x_wconf 69' lang='lat' dir='ltr'><em>principium</em></span> <span class='ocrx_word' id='word_1_76' title='bbox 1269 1352 1320 1385; x_wconf 91' lang='lat' dir='ltr'><em>ut</em></span> <span class='ocrx_word' id='word_1_77' title='bbox 1346 1344 1494 1387; x_wconf 86' lang='lat' dir='ltr'><em>maxi-</em></span> 
     </span>
     <span class='ocr_line' id='line_1_15' title="bbox 194 1405 1497 1474; baseline 0.004 -21"><span class='ocrx_word' id='word_1_78' title='bbox 194 1425 291 1453; x_wconf 87' lang='lat' dir='ltr'><em>mae</em></span> <span class='ocrx_word' id='word_1_79' title='bbox 315 1408 506 1468; x_wconf 81' lang='lat' dir='ltr'><em>gloriae</em></span> <span class='ocrx_word' id='word_1_80' title='bbox 521 1417 563 1449; x_wconf 86' lang='lat' dir='ltr'><em>et</em></span> <span class='ocrx_word' id='word_1_81' title='bbox 600 1405 882 1451; x_wconf 86' lang='lat' dir='ltr'><em>intolerabilis</em></span> <span class='ocrx_word' id='word_1_82' title='bbox 916 1409 1137 1473; x_wconf 84' lang='lat' dir='ltr'><em>cujusdam</em></span> <span class='ocrx_word' id='word_1_83' title='bbox 1157 1410 1314 1474; x_wconf 77' lang='lat' dir='ltr'><em>fastus</em></span> <span class='ocrx_word' id='word_1_84' title='bbox 1348 1415 1497 1460; x_wconf 80' lang='lat' dir='ltr'><em>exitus·</em></span> 
     </span>
     <span class='ocr_line' id='line_1_16' title="bbox 198 1476 1493 1548; baseline 0.004 -23"><span class='ocrx_word' id='word_1_85' title='bbox 198 1482 259 1525; x_wconf 78' lang='lat' dir='ltr'><em>sit</em></span> <span class='ocrx_word' id='word_1_86' title='bbox 279 1481 415 1543; x_wconf 76' lang='lat' dir='ltr'><em>turpis</em></span> <span class='ocrx_word' id='word_1_87' title='bbox 437 1491 478 1524; x_wconf 79' lang='lat' dir='ltr'><em>et</em></span> <span class='ocrx_word' id='word_1_88' title='bbox 494 1477 733 1543; x_wconf 79' lang='lat' dir='ltr'><em>pudendus.</em></span> <span class='ocrx_word' id='word_1_89' title='bbox 752 1476 834 1522; x_wconf 82' lang='lat' dir='ltr'><em>Est</em></span> <span class='ocrx_word' id='word_1_90' title='bbox 853 1491 995 1524; x_wconf 88' lang='lat' dir='ltr'><em>autem</em></span> <span class='ocrx_word' id='word_1_91' title='bbox 1018 1483 1060 1525; x_wconf 90' lang='lat' dir='ltr'><em>in</em></span> <span class='ocrx_word' id='word_1_92' title='bbox 1082 1481 1162 1526; x_wconf 78' lang='lat' dir='ltr'><em>hac</em></span> <span class='ocrx_word' id='word_1_93' title='bbox 1181 1482 1349 1529; x_wconf 83' lang='lat' dir='ltr'><em>Fabula</em></span> <span class='ocrx_word' id='word_1_94' title='bbox 1357 1501 1493 1548; x_wconf 83' lang='lat' dir='ltr'><em>prae-</em></span> 
     </span>
     <span class='ocr_line' id='line_1_17' title="bbox 196 1551 1492 1617; baseline 0.002 -20"><span class='ocrx_word' id='word_1_95' title='bbox 196 1555 399 1617; x_wconf 78' lang='lat' dir='ltr'><em>cipuum,</em></span> <span class='ocrx_word' id='word_1_96' title='bbox 431 1553 615 1616; x_wconf 77' lang='lat' dir='ltr'><em>pictura</em></span> <span class='ocrx_word' id='word_1_97' title='bbox 647 1551 868 1614; x_wconf 80' lang='lat' dir='ltr'><em>imperitae</em></span> <span class='ocrx_word' id='word_1_98' title='bbox 902 1552 1149 1615; x_wconf 82' lang='lat' dir='ltr'><em>superbiae.-</em></span> <span class='ocrx_word' id='word_1_99' title='bbox 1190 1571 1318 1615; x_wconf 88' lang='lat' dir='ltr'><em>quam</em></span> <span class='ocrx_word' id='word_1_100' title='bbox 1350 1555 1492 1600; x_wconf 81' lang='lat' dir='ltr'><em>Poe&#39;ta</em></span> 
     </span>
     <span class='ocr_line' id='line_1_18' title="bbox 197 1623 1488 1691; baseline 0.002 -20"><span class='ocrx_word' id='word_1_101' title='bbox 197 1626 388 1672; x_wconf 87' lang='lat' dir='ltr'><em>omnibus</em></span> <span class='ocrx_word' id='word_1_102' title='bbox 415 1627 504 1670; x_wconf 87' lang='lat' dir='ltr'><em>suis</em></span> <span class='ocrx_word' id='word_1_103' title='bbox 531 1624 738 1670; x_wconf 85' lang='lat' dir='ltr'><em>coloribus</em></span> <span class='ocrx_word' id='word_1_104' title='bbox 769 1623 1054 1687; x_wconf 84' lang='lat' dir='ltr'><em>deformatam</em></span> <span class='ocrx_word' id='word_1_105' title='bbox 1088 1629 1323 1691; x_wconf 81' lang='lat' dir='ltr'><em>expressit:</em></span> <span class='ocrx_word' id='word_1_106' title='bbox 1353 1640 1404 1673; x_wconf 90' lang='lat' dir='ltr'><em>ut</em></span> <span class='ocrx_word' id='word_1_107' title='bbox 1433 1629 1488 1673; x_wconf 89' lang='lat' dir='ltr'><em>li-</em></span> 
     </span>
     <span class='ocr_line' id='line_1_19' title="bbox 193 1698 1488 1764; baseline 0.002 -19"><span class='ocrx_word' id='word_1_108' title='bbox 193 1713 293 1746; x_wconf 83' lang='lat' dir='ltr'><em>ceat</em></span> <span class='ocrx_word' id='word_1_109' title='bbox 326 1700 395 1745; x_wconf 80' lang='lat' dir='ltr'><em>hic</em></span> <span class='ocrx_word' id='word_1_110' title='bbox 426 1701 550 1762; x_wconf 87' lang='lat' dir='ltr'><em>quasi</em></span> <span class='ocrx_word' id='word_1_111' title='bbox 581 1701 625 1743; x_wconf 92' lang='lat' dir='ltr'><em>in</em></span> <span class='ocrx_word' id='word_1_112' title='bbox 663 1698 830 1762; x_wconf 85' lang='lat' dir='ltr'><em>speculo</em></span> <span class='ocrx_word' id='word_1_113' title='bbox 865 1700 1142 1764; x_wconf 86' lang='lat' dir='ltr'><em>contemplari</em></span> <span class='ocrx_word' id='word_1_114' title='bbox 1172 1700 1400 1747; x_wconf 86' lang='lat' dir='ltr'><em>ridiculam</em></span> <span class='ocrx_word' id='word_1_115' title='bbox 1430 1703 1488 1747; x_wconf 91' lang='lat' dir='ltr'><em>il·-</em></span> 
     </span>
     <span class='ocr_line' id='line_1_20' title="bbox 191 1774 1486 1837; baseline -0.002 -13"><span class='ocrx_word' id='word_1_116' title='bbox 191 1779 283 1824; x_wconf 86' lang='lat' dir='ltr'><em>lam</em></span> <span class='ocrx_word' id='word_1_117' title='bbox 313 1776 524 1822; x_wconf 82' lang='lat' dir='ltr'><em>vanitatis</em></span> <span class='ocrx_word' id='word_1_118' title='bbox 556 1774 787 1834; x_wconf 85' lang='lat' dir='ltr'><em>imaginem</em></span> <span class='ocrx_word' id='word_1_119' title='bbox 806 1807 820 1820; x_wconf 81' lang='lat'><em>,</em></span> <span class='ocrx_word' id='word_1_120' title='bbox 853 1790 938 1834; x_wconf 87' lang='lat' dir='ltr'><em>qua</em></span> <span class='ocrx_word' id='word_1_121' title='bbox 976 1785 1141 1819; x_wconf 87' lang='lat' dir='ltr'><em>tument</em></span> <span class='ocrx_word' id='word_1_122' title='bbox 1172 1786 1214 1820; x_wconf 90' lang='lat' dir='ltr'><em>et</em></span> <span class='ocrx_word' id='word_1_123' title='bbox 1247 1775 1486 1837; x_wconf 61' lang='lat' dir='ltr'><em>efferuntur</em></span> 
     </span>
     <span class='ocr_line' id='line_1_21' title="bbox 191 1845 1563 1912; baseline -0.001 -16"><span class='ocrx_word' id='word_1_124' title='bbox 191 1852 329 1896; x_wconf 87' lang='lat' dir='ltr'><em>animi</em></span> <span class='ocrx_word' id='word_1_125' title='bbox 338 1847 512 1911; x_wconf 87' lang='lat' dir='ltr'><em>feroces</em></span> <span class='ocrx_word' id='word_1_126' title='bbox 539 1845 754 1890; x_wconf 79' lang='lat' dir='ltr'><em>hominum</em></span> <span class='ocrx_word' id='word_1_127' title='bbox 782 1845 1075 1894; x_wconf 82' lang='lat' dir='ltr'><em>indoctorum,</em></span> <span class='ocrx_word' id='word_1_128' title='bbox 1109 1848 1152 1891; x_wconf 89' lang='lat' dir='ltr'><em>in</em></span> <span class='ocrx_word' id='word_1_129' title='bbox 1183 1847 1329 1910; x_wconf 85' lang='lat' dir='ltr'><em>aliqua</em></span> <span class='ocrx_word' id='word_1_130' title='bbox 1349 1865 1484 1912; x_wconf 83' lang='lat' dir='ltr'><em>prae-</em></span> <span class='ocrx_word' id='word_1_131' title='bbox 1556 1892 1563 1900; x_wconf 78' lang='grc'>,</span> 
     </span>
     <span class='ocr_line' id='line_1_22' title="bbox 191 1917 1482 1984; baseline -0.001 -16"><span class='ocrx_word' id='word_1_132' title='bbox 191 1924 341 1969; x_wconf 85' lang='lat' dir='ltr'><em>sertim</em></span> <span class='ocrx_word' id='word_1_133' title='bbox 373 1919 590 1966; x_wconf 88' lang='lat' dir='ltr'><em>Fortunae</em></span> <span class='ocrx_word' id='word_1_134' title='bbox 629 1918 905 1978; x_wconf 84' lang='lat' dir='ltr'><em>benignitate.</em></span> <span class='ocrx_word' id='word_1_135' title='bbox 949 1917 1047 1963; x_wconf 92' lang='lat' dir='ltr'><em>Hoc</em></span> <span class='ocrx_word' id='word_1_136' title='bbox 1080 1921 1233 1965; x_wconf 82' lang='lat' dir='ltr'><em>vitium</em></span> <span class='ocrx_word' id='word_1_137' title='bbox 1261 1921 1482 1984; x_wconf 79' lang='lat' dir='ltr'><em>peculiare</em></span> 
     </span>
     <span class='ocr_line' id='line_1_23' title="bbox 189 1992 1483 2067; baseline -0.001 -24"><span class='ocrx_word' id='word_1_138' title='bbox 189 2009 258 2044; x_wconf 83' lang='lat' dir='ltr'><em>est</em></span> <span class='ocrx_word' id='word_1_139' title='bbox 287 1994 616 2041; x_wconf 82' lang='lat' dir='ltr'><em>adolescentiae.-</em></span> <span class='ocrx_word' id='word_1_140' title='bbox 648 1992 760 2054; x_wconf 88' lang='lat' dir='ltr'><em>quod</em></span> <span class='ocrx_word' id='word_1_141' title='bbox 787 1992 889 2037; x_wconf 70' lang='lat' dir='ltr'><em>llaec</em></span> <span class='ocrx_word' id='word_1_142' title='bbox 921 2005 1040 2038; x_wconf 87' lang='lat' dir='ltr'><em>aetas</em></span> <span class='ocrx_word' id='word_1_143' title='bbox 1073 1995 1117 2038; x_wconf 85' lang='lat' dir='ltr'><em>in</em></span> <span class='ocrx_word' id='word_1_144' title='bbox 1147 1994 1327 2056; x_wconf 88' lang='lat' dir='ltr'><em>quodam</em></span> <span class='ocrx_word' id='word_1_145' title='bbox 1357 1999 1483 2067; x_wconf 87' lang='lat' dir='ltr'><em>quasi</em></span> 
     </span>
     <span class='ocr_line' id='line_1_24' title="bbox 187 2064 1524 2134; baseline -0.001 -17"><span class='ocrx_word' id='word_1_146' title='bbox 187 2074 350 2134; x_wconf 81' lang='lat' dir='ltr'><em>impetu</em></span> <span class='ocrx_word' id='word_1_147' title='bbox 385 2067 646 2112; x_wconf 85' lang='lat' dir='ltr'><em>decurrentis</em></span> <span class='ocrx_word' id='word_1_148' title='bbox 673 2067 788 2111; x_wconf 85' lang='lat' dir='ltr'><em>vitae</em></span> <span class='ocrx_word' id='word_1_149' title='bbox 821 2077 864 2110; x_wconf 88' lang='lat' dir='ltr'><em>et</em></span> <span class='ocrx_word' id='word_1_150' title='bbox 890 2067 933 2110; x_wconf 90' lang='lat' dir='ltr'><em>in</em></span> <span class='ocrx_word' id='word_1_151' title='bbox 953 2066 1126 2128; x_wconf 83' lang='lat' dir='ltr'><em>fiducia</em></span> <span class='ocrx_word' id='word_1_152' title='bbox 1147 2069 1304 2114; x_wconf 84' lang='lat' dir='ltr'><em>virium</em></span> <span class='ocrx_word' id='word_1_153' title='bbox 1335 2064 1482 2115; x_wconf 83' lang='lat' dir='ltr'><em>exsul-</em></span> <span class='ocrx_word' id='word_1_154' title='bbox 1520 2082 1524 2083; x_wconf 49' lang='lat'><em>⁷</em></span> 
     </span>
     <span class='ocr_line' id='line_1_25' title="bbox 189 2140 1479 2206; baseline -0.001 -16"><span class='ocrx_word' id='word_1_155' title='bbox 189 2157 287 2190; x_wconf 76' lang='lat' dir='ltr'><em>tare</em></span> <span class='ocrx_word' id='word_1_156' title='bbox 316 2143 474 2189; x_wconf 83' lang='lat' dir='ltr'><em>soleat,</em></span> <span class='ocrx_word' id='word_1_157' title='bbox 513 2152 554 2185; x_wconf 77' lang='lat' dir='ltr'><em>et</em></span> <span class='ocrx_word' id='word_1_158' title='bbox 580 2140 753 2202; x_wconf 73' lang='lat' dir='ltr'><em>efferri,</em></span> <span class='ocrx_word' id='word_1_159' title='bbox 779 2152 904 2203; x_wconf 87' lang='lat' dir='ltr'><em>atque</em></span> <span class='ocrx_word' id='word_1_160' title='bbox 935 2156 1020 2185; x_wconf 88' lang='lat' dir='ltr'><em>esse</em></span> <span class='ocrx_word' id='word_1_161' title='bbox 1048 2140 1270 2187; x_wconf 88' lang='lat' dir='ltr'><em>indomita.</em></span> <span class='ocrx_word' id='word_1_162' title='bbox 1298 2143 1479 2206; x_wconf 85' lang='lat' dir='ltr'><em>Ideoque</em></span> 
     </span>
     <span class='ocr_line' id='line_1_26' title="bbox 187 2214 1481 2283; baseline -0.002 -19"><span class='ocrx_word' id='word_1_163' title='bbox 187 2229 324 2278; x_wconf 84' lang='lat' dir='ltr'><em>negat</em></span> <span class='ocrx_word' id='word_1_164' title='bbox 339 2216 700 2281; x_wconf 83' lang='lat' dir='ltr'><em>prudentissimus</em></span> <span class='ocrx_word' id='word_1_165' title='bbox 721 2215 789 2260; x_wconf 81' lang='lat' dir='ltr'><em>vir</em></span> <span class='ocrx_word' id='word_1_166' title='bbox 813 2214 1087 2262; x_wconf 84' lang='lat' dir='ltr'><em>Aristoteles,</em></span> <span class='ocrx_word' id='word_1_167' title='bbox 1111 2215 1278 2261; x_wconf 88' lang='lat' dir='ltr'><em>idoneos</em></span> <span class='ocrx_word' id='word_1_168' title='bbox 1307 2221 1392 2262; x_wconf 78' lang='lat' dir='ltr'><em>esse</em></span> <span class='ocrx_word' id='word_1_169' title='bbox 1397 2220 1481 2283; x_wconf 74' lang='lat' dir='ltr'><em>ju-</em></span> 
     </span>
     <span class='ocr_line' id='line_1_27' title="bbox 178 2287 1478 2354; baseline 0.001 -21"><span class='ocrx_word' id='word_1_170' title='bbox 178 2307 313 2339; x_wconf 71' lang='lat' dir='ltr'><em>venes</em></span> <span class='ocrx_word' id='word_1_171' title='bbox 344 2290 402 2335; x_wconf 90' lang='lat' dir='ltr'><em>ad</em></span> <span class='ocrx_word' id='word_1_172' title='bbox 411 2300 643 2354; x_wconf 78' lang='lat' dir='ltr'><em>praecepta</em></span> <span class='ocrx_word' id='word_1_173' title='bbox 669 2288 858 2333; x_wconf 81' lang='lat' dir='ltr'><em>virtutis.</em></span> <span class='ocrx_word' id='word_1_174' title='bbox 890 2303 989 2332; x_wconf 90' lang='lat' dir='ltr'><em>nam</em></span> <span class='ocrx_word' id='word_1_175' title='bbox 1017 2287 1065 2331; x_wconf 90' lang='lat' dir='ltr'><em>de</em></span> <span class='ocrx_word' id='word_1_176' title='bbox 1086 2288 1308 2334; x_wconf 82' lang='lat' dir='ltr'><em>voluntate</em></span> <span class='ocrx_word' id='word_1_177' title='bbox 1337 2291 1478 2337; x_wconf 76' lang='lat' dir='ltr'><em>etin-</em></span> 
     </span>
     <span class='ocr_line' id='line_1_28' title="bbox 188 2360 1477 2426; baseline -0.002 -17"><span class='ocrx_word' id='word_1_178' title='bbox 188 2364 433 2424; x_wconf 80' lang='lat' dir='ltr'><em>telligentia</em></span> <span class='ocrx_word' id='word_1_179' title='bbox 461 2361 631 2407; x_wconf 89' lang='lat' dir='ltr'><em>illorum</em></span> <span class='ocrx_word' id='word_1_180' title='bbox 665 2360 768 2405; x_wconf 81' lang='lat' dir='ltr'><em>haec</em></span> <span class='ocrx_word' id='word_1_181' title='bbox 796 2361 919 2422; x_wconf 86' lang='lat' dir='ltr'><em>quasi</em></span> <span class='ocrx_word' id='word_1_182' title='bbox 953 2360 1147 2405; x_wconf 88' lang='lat' dir='ltr'><em>cautibus</em></span> <span class='ocrx_word' id='word_1_183' title='bbox 1181 2363 1369 2426; x_wconf 76' lang='lat' dir='ltr'><em>impacta</em></span> <span class='ocrx_word' id='word_1_184' title='bbox 1405 2377 1477 2406; x_wconf 54' lang='lat' dir='ltr'><em>re*</em></span> 
     </span>
     <span class='ocr_line' id='line_1_29' title="bbox 189 2433 1472 2502; baseline -0.004 -17"><span class='ocrx_word' id='word_1_185' title='bbox 189 2438 367 2489; x_wconf 75' lang='lat' dir='ltr'><em>siliunt,</em></span> <span class='ocrx_word' id='word_1_186' title='bbox 401 2452 530 2502; x_wconf 86' lang='lat' dir='ltr'><em>neque</em></span> <span class='ocrx_word' id='word_1_187' title='bbox 552 2445 734 2500; x_wconf 77' lang='lat' dir='ltr'><em>possunt</em></span> <span class='ocrx_word' id='word_1_188' title='bbox 765 2433 1063 2502; x_wconf 72' lang='lat' dir='ltr'><em>adhaerescere</em></span> <span class='ocrx_word' id='word_1_189' title='bbox 1090 2447 1168 2482; x_wconf 87' lang='lat' dir='ltr'><em>etc.</em></span> <span class='ocrx_word' id='word_1_190' title='bbox 1201 2434 1367 2483; x_wconf 78' lang='lat' dir='ltr'><em>Nomen</em></span> <span class='ocrx_word' id='word_1_191' title='bbox 1383 2433 1472 2498; x_wconf 52' lang='lat' dir='ltr'><em>fa*</em></span> 
     </span>
    </p>
   </div>
   <div class='ocr_carea' id='block_1_5' title="bbox 1575 1970 1618 2866">
    <p class='ocr_par' dir='ltr' id='par_1_7' title="bbox 1575 1970 1618 2866">
     <span class='ocr_line' id='line_1_30' title="bbox 1575 1970 1618 2866; baseline 0 0"><span class='ocrx_word' id='word_1_192' title='bbox 1575 1970 1618 2866; x_wconf 95' lang='lat' dir='ltr'><em> </em></span> 
     </span>
    </p>
   </div>
  </div>
 </body>
</html>
