1618 2866
232 207 330 261 570
612 222 614 225 ·
695 198 1141 247 PERSA··-
1385 217 1516 264 235

653 318 1124 355 Tox1LU8.-
1179 326 1197 355 ”t

321 382 451 428 Haec
475 380 573 426 dies
594 397 777 427 summa
796 373 952 428 hodie'
961 391 1048 437 est,
1093 395 1199 425 mea
1224 381 1370 426 amica
1390 382 1508 428 sitne

1158 451 1308 498 libera
1329 487 1343 510 ‚

229 527 305 582 An
332 527 664 589 sempiternam
688 526 960 572 servitutem
985 524 1160 572 serviat.
1180 557 1192 560 „

549 620 1191 658 SAGARISTIO.>

947 681 1083 750 Quid
1114 695 1242 726 nunc
1268 679 1336 725 vis
1366 693 1474 742 ergo
1487 677 1513 736 Ρ,

639 766 671 798 Τ
706 765 739 798 0
776 766 813 799 Χ
847 767 868 798 1
903 766 933 798 L
971 765 1007 798 U
1043 766 1078 798 s.

225 825 394 873 Facere
412 826 618 872 amicum
635 825 724 871 tibi
747 841 826 890 me
841 826 964 887 potis
985 843 1030 872 es
1047 826 1398 888 sempiternum.

551 920 573 953 s
611 919 647 952 A
683 920 717 952 G
753 920 790 953 A
824 922 859 956 R
892 922 913 954 1
949 921 973 954 s
1009 922 1040 955 Τ
1074 922 1095 954 1
1132 922 1177 955 o.

1045 981 1509 1052 Quemadmodum?

645 1065 676 1096 T
712 1065 745 1098 o
781 1065 818 1098 Χ
853 1065 875 1097 1
909 1065 941 1099 1.
976 1066 1010 1099 u
1047 1066 1083 1099 s.
1383 1101 1386 1103 ,
1419 1101 1422 1103 ,
1500 1099 1509 1112 ,.

224 1126 292 1172 Ut
310 1125 427 1172 mihi
454 1126 535 1171 des
556 1142 781 1172 nummos
807 1139 1051 1175 sexcentos
1066 1161 1081 1186 ‚
1103 1145 1227 1190 quos
1248 1144 1337 1193 pro
1358 1129 1511 1190 capite

485 1200 605 1246 illius
631 1202 874 1262 pendam,
1106 1200 1108 1203 ¹

223 1274 363 1343 Quos
389 1273 618 1335 continuo
649 1273 738 1318 tibi
769 1289 997 1334 reponam
1018 1273 1068 1319 in
1094 1273 1185 1319 hoc
1202 1273 1389 1331 triduo,
1422 1284 1504 1320 aut

479 1345 745 1406 quatriduo.

223 1417 349 1483 Age!
382 1419 415 1464 fi
450 1419 707 1482 benignus,
735 1417 945 1464 subveni.

548 1504 570 1537 S
605 1505 641 1537 A
677 1505 711 1538 G
747 1505 781 1538 A
818 1505 851 1538 R
886 1505 907 1537 1
943 1504 965 1536 S
1003 1506 1034 1537 T
1070 1507 1090 1538 Ι
1126 1507 1175 1539 0.

226 1566 340 1636 Qua
372 1565 663 1612 confidentia
689 1580 852 1629 rogare
884 1575 938 1610 tu
962 1581 989 1610 a
1015 1581 1095 1610 me
1130 1576 1377 1628 argentum
1407 1576 1508 1611 tan-

481 1650 586 1684 tum
611 1639 754 1684 audes
775 1673 789 1696 ,

228 1707 506 1771 Inpudens?
526 1713 644 1772 quin
670 1712 707 1756 si
734 1721 923 1775 egomet
945 1721 1070 1756 totus
1091 1726 1305 1767 veneam,
1322 1709 1404 1755 vix
1427 1726 1501 1754 re-

481 1786 574 1847 cipi
603 1786 799 1847 potessit

228 1856 384 1925 Quod
403 1867 456 1902 tu
480 1874 558 1902 me
577 1874 717 1920 rogas.
736 1874 847 1903 nam
866 1868 919 1902 tu
936 1872 1108 1918 aquam
1126 1873 1152 1902 a
1170 1855 1360 1919 pumice
1377 1871 1508 1902 nunc

482 1932 713 1992 postulas,

229 2003 331 2072 Qui
359 2004 483 2066 ipsus
506 2002 635 2049 sitiat.

652 2091 683 2124 T
720 2090 752 2124 Ο
789 2091 824 2124 Χ
861 2090 882 2123 Ι
916 2088 946 2121 L
983 2088 1017 2120 U
1053 2087 1089 2120 S.

396 2150 574 2198 Siccine
590 2152 682 2198 hoc
699 2163 747 2198 te
762 2150 879 2197 mihi
896 2149 1045 2195 facere
1057 2149 1079 2193 ?

556 2243 579 2276 S
615 2244 649 2277 A
688 2244 722 2278 G
757 2243 792 2276 A
826 2244 860 2277 R
894 2241 915 2274 I
952 2241 974 2274 S
1012 2242 1043 2274 T
1079 2240 1101 2273 1
1140 2241 1188 2273 Ο.

1010 2303 1146 2373 Quid
1174 2303 1338 2350 faciam
1354 2303 1376 2347 ?

658 2391 689 2423 Τ
725 2391 758 2423 o
793 2389 829 2424 Χ
865 2389 887 2422 1
922 2390 952 2423 1.
988 2388 1023 2421 U
1060 2389 1097 2422 s.

1251 2437 1507 2504 ‘Rogasneji'
