1618 2866
64 187 190 231 235
385 165 674 216 ACTUS
727 167 785 214 V.
839 164 952 214 SC.
1002 167 1040 213 I.
1252 182 1340 228 135

67 277 193 326 Tun'
214 277 249 323 is
275 290 321 323 es
339 275 361 325 Ξ)

466 367 497 400 Ε
531 368 560 399 P
595 368 617 400 1
652 367 688 399 D
725 365 746 398 1
781 365 808 397 c
845 364 881 396 U
918 363 957 397 s.

355 424 456 488 Ego
476 440 611 480 sum,
640 433 688 468 et
714 421 814 468 istic
841 421 979 468 frater
999 431 1110 469 tuus
1137 431 1230 478 est,
1257 422 1343 468 alia

771 505 950 552 matre,
974 509 1074 540 uno
1098 504 1243 555 patre.

547 582 586 616 V
620 580 642 613 1
676 581 711 613 R
748 580 780 612 G
818 580 866 612 o

69 643 231 714 Quid,
251 653 382 705 pater
396 642 562 688 meus?
583 640 698 686 vivu
700 639 785 685 ’sti’

434 750 441 756 ·
469 743 499 775 E
535 741 562 774 Ρ
598 741 620 773 1
658 740 694 772 D
730 739 750 771 1
788 739 815 770 c
852 738 886 770 U
924 737 961 771 s.

355 803 532 850 Animo
562 800 751 863 liquido
776 810 823 845 et
852 799 1110 859 tranquillo
1139 813 1208 856 es,
1226 800 1342 844 tace.

547 894 583 927 V
620 893 639 925 1
676 894 709 926 R
745 891 777 924 G
817 891 866 923 o.

41 956 150 1021 “Dii
174 973 252 1004 me
281 973 341 1004 ex
366 955 550 1018 perdita
571 965 800 1017 servatam
827 951 1031 1012 cupiunt
1046 985 1059 1007 ‚
1078 951 1115 996 si
1132 966 1240 997 vera
1260 967 1342 996 au·-

252 1054 257 1059 ·
318 1041 485 1075 tumas.

386 1099 414 1129 ⁸
459 1113 489 1145 E
525 1112 551 1144 P
590 1111 611 1143 1
650 1111 686 1143 1)
722 1111 743 1142 1
781 1111 808 1142 c
847 1110 882 1141 n
918 1109 956 1144 s.

71 1170 184 1217 Non
214 1172 369 1218 habeo
400 1173 548 1218 ullam
582 1169 905 1226 occasionem,
937 1179 994 1214 ut
1022 1166 1152 1230 apud
1179 1176 1227 1212 te
1254 1164 1341 1211 fal-

326 1261 374 1289 sa
398 1243 590 1289 fabuler.
968 1255 972 1257 ’

293 1323 1113 1376 STRATIPPoc'LEs.

72 1402 245 1464 Accipe
266 1414 511 1467 argentum
530 1403 649 1458 hoc',
673 1399 882 1447 Danista.
908 1398 986 1444 hic
1003 1408 1115 1444 sunt
1137 1395 1337 1457 quad1a-

320 1475 448 1539 ginta
476 1474 649 1520 minae.

64 1538 120 1593 'Si
149 1541 267 1609 quid
291 1549 377 1595 erit
408 1549 642 1605 dubium,
664 1546 929 1592 inmutabo.

481 1641 517 1672 D
552 1638 587 1670 A
622 1638 655 1670 N
692 1639 712 1670 1
749 1637 771 1669 s
809 1636 840 1667 'r
876 1635 1195 1667 A..

739 1695 1038 1743 Benefecisti!
1068 1695 1195 1740 bene
1218 1694 1349 1739 vales

62 1836 65 1838 ,
294 1796 1113 1835 STRATIPPOCLRS.

74 1859 214 1913 Nunc
231 1861 358 1907 enim
374 1872 430 1907 tu
448 1878 556 1907 mea
576 1877 636 1906 es.

215 1942 219 1945 ’
549 1952 586 1985 v
621 1950 642 1982 1
678 1951 712 1983 R
749 1949 781 1982 G
817 1949 868 1981 o.
1066 1979 1071 1985 .

296 2012 435 2058 Soror
454 2010 652 2072 quidem
678 2009 878 2069 edepol,
898 2018 953 2053 ut
968 2018 1024 2054 tu
1041 2023 1194 2068 aeque
1218 2006 1338 2053 scias.

81 2083 242 2143 Salve,
270 2085 427 2131 frater!

293 2171 1114 2211 STRATIPPOCLES.

344 2233 504 2287 Sanan'
525 2237 638 2282 haec
656 2236 754 2282 est?
803 2256 807 2283 ·,
851 2265 871 2285 -.

442 2328 502 2361 B
535 2328 563 2360 P
598 2329 619 2361 1
653 2329 690 2361 D
728 2329 748 2360 1
784 2328 811 2359 c
847 2327 883 2359 U
919 2325 959 2359 S.
1014 2331 1028 2340 ν·

716 2387 835 2433 Sana
848 2421 862 2443 ,
893 2387 930 2432 si
957 2385 1161 2446 appellat
1188 2396 1341 2426 suum.

1079 2456 1163 2514 14
