1618 2866
218 168 316 231 456
470 162 721 212 MILEs
769 134 1263 215 GLoRlosu's.
1382 163 1567 230 ηε,

418 283 1327 333 PYRGOPOLINIG'E&

649 344 787 390 Habe
817 343 1009 389 bonum
1043 344 1272 392 animum.

553 429 581 462 P
618 429 652 461 A
689 430 719 463 L
755 429 790 463 A
826 429 856 461 E
896 429 918 463 S
957 429 987 462 T
1024 431 1059 464 R
1093 429 1114 462 I
1153 429 1202 463 Ο.

1237 481 1347 527 Hau
1375 469 1515 529 mihi!

228 558 398 626 Quom
415 555 548 601 venit
573 556 690 600 mihi
720 556 770 601 in
789 567 1033 615 mentem,
1061 567 1117 603 ut
1145 573 1299 603 mores
1327 567 1518 604 mutan-

483 627 532 673 di
554 628 674 673 sient
695 663 708 685 ‚

225 703 480 749 Muliebres
499 719 652 748 mores
673 701 905 760 discendi,
928 704 1239 750 obliviscendi
1254 704 1510 751 stratiotici.

427 794 1343 830 PYRGOPOLINICES.

228 856 319 902 Fac
341 856 395 901 sis
425 854 564 918 frugi.
979 870 981 872 ·
1380 865 1384 869 ⁴

563 943 590 975 P
632 943 666 975 A
702 942 732 975 L
770 942 804 975 A
842 943 872 975 E
911 941 933 975 S
970 941 1002 973 Τ
1042 941 1075 974 R
1110 939 1130 972 1
1170 938 1220 972 O.

358 1006 466 1064 Jam
490 1021 591 1050 non
609 1021 832 1066 possum,
859 1001 986 1048 amisi
1023 1017 1220 1047 omnem
1240 996 1527 1045 lubidinem.
1559 1041 1564 1045 .

428 1093 1340 1133 PYRGOPOLINICES.

235 1162 259 1206 I
279 1196 292 1218 ,
327 1177 523 1221 sequere
549 1160 686 1216 illos,
714 1174 776 1203 ne
805 1171 1005 1203 morere.
1103 1156 1111 1163 '

563 1246 590 1278 P
629 1246 663 1277 A
700 1245 730 1278 L
767 1244 801 1277 A
839 1244 870 1277 E
908 1242 930 1276 S
969 1243 1000 1274 T
1039 1242 1073 1275 R
1108 1241 1128 1274 Ι
1168 1240 1217 1273 O.

862 1304 992 1349 Bene
1018 1303 1136 1348 vale.

433 1386 1347 1425 PYRGOPOLINICES.

1100 1449 1161 1495 Et
1186 1460 1242 1494 tu
1265 1449 1390 1494 bene
1415 1448 1534 1495 vale.

567 1538 596 1571 P
637 1537 672 1570 A
709 1537 740 1571 L
775 1536 812 1570 A
846 1537 877 1570 E
917 1535 939 1569 S
976 1536 1007 1568 T
1044 1535 1078 1568 R
1114 1535 1134 1566 1
1173 1535 1222 1567 O.

244 1600 436 1668 Quaeso
455 1635 468 1657 .,
493 1610 550 1645 ut
576 1599 846 1645 memineris
865 1632 879 1657 ‚
908 1599 945 1643 si
969 1597 1092 1644 forte
1125 1596 1244 1642 liber
1278 1595 1378 1641 fieri
1399 1610 1534 1640 occe-

505 1673 688 1734 perim,
1204 1729 1210 1735 .

243 1744 432 1790 Mittam
455 1745 684 1791 nuntium
706 1744 767 1791 ad
789 1754 836 1789 te
853 1779 866 1801 ,
887 1760 949 1789 ne
968 1761 1047 1789 me
1072 1743 1260 1790 deseras.

440 1826 1351 1862 PYRGOPOLINICES.

1110 1887 1224 1932 Non
1253 1898 1320 1932 est
1352 1904 1535 1935 meum.

578 1972 606 2004 P
651 1971 684 2004 A
721 1972 752 2006 L
788 1972 824 2005 A
861 1973 891 2005 Ε
930 1972 952 2005 s
991 1973 1021 2005 T
1057 1974 1092 2005 R
1127 1973 1147 2005 1
1186 1974 1234 2006 o.

248 2033 468 2098 Cogitato
498 2032 764 2079 identidem
782 2067 796 2090 ‚
826 2032 914 2078 tibi
946 2050 1093 2094 quam
1124 2033 1274 2079 fidelis
1301 2033 1490 2080 fuerim.

247 2108 297 2154 Si
324 2108 375 2153 id
397 2107 534 2154 facies
551 2142 565 2164 ,
597 2118 705 2154 tum
739 2106 939 2152 demum
963 2107 1097 2152 scibis
1114 2141 1128 2165 ,
1160 2106 1250 2152 tibi
1272 2107 1358 2168 qui
1382 2107 1540 2154 bonus

507 2179 590 2235 sit,
620 2178 705 2239 qui
732 2179 895 2224 malus.

444 2260 1423 2311 PYRGOPOLINICES.‚

251 2322 356 2371 Scio
377 2334 425 2370 et
441 2325 658 2386 perspexi
676 2340 834 2385 saepe:
861 2340 1028 2370 verum
1048 2340 1160 2369 cum
1184 2324 1381 2369 antehac
1394 2355 1409 2380 ,
1429 2331 1538 2367 tum

503 2398 647 2445 hodie
680 2414 920 2445 maxume.
