1618 2866
225 158 320 203 434
452 134 708 187 MILES
761 139 1258 191 GLORIOSUS.
1409 148 1514 197 vs)

221 253 287 300 Ut
309 251 468 315 lepide
501 247 834 295 deruncinavit
867 248 1098 297 Militem!

435 341 1310 379 ACROTELEUTIUM.

1052 401 1118 448 At
1153 403 1294 464 etiam
1318 421 1504 467 parum.

536 491 564 524 P
603 489 639 524 A
674 490 704 525 L
743 488 778 523 A
813 489 843 526 E
881 488 904 523 S
943 489 976 523 T
1010 491 1044 524 R
1078 491 1100 523 1
1136 491 1184 529 Q·

219 555 357 602 Bono
390 551 551 598 animo
595 566 670 606 65,
710 548 961 613 negotium
996 565 1141 594 omne
1165 550 1268 614 jam
1296 551 1505 599 succedit

473 623 562 669 sub
589 638 769 667 manus.
1258 660 1262 665 ,

218 701 315 747 Vos
337 697 486 744 modo
503 711 679 758 porro,
703 705 758 741 ut
782 695 1022 756 occepistis
1035 729 1051 754 ,
1071 694 1192 742 date·
1207 711 1402 758 operam
1426 696 1508 742 ad·-

463 769 730 836 jutabilem.

217 849 339 895 Nam
371 846 469 907 ipse
499 843 634 891 Miles
664 841 987 890 concubinam
1012 840 1140 887 intro
1169 810 1287 887 abiit
1316 850 1504 888 oratum

470 932 632 972 suam,
1087 950 1097 951 „

217 993 294 1040 Ab
312 1009 358 1041 se
377 1003 432 1038 ut
451 991 587 1038 abeat
606 1004 719 1035 cum
742 998 968 1047 sorore-et
989 998 1138 1055 matre
1156 986 1376 1040 Athenas,

433 1070 1306 1119 ACROTELEUTIJUM.

1197 1142 1299 1200 Eu,
1323 1134 1501 1206 probe!

544 1229 573 1261 P
612 1227 648 1261 A
683 1229 714 1263 L
748 1227 784 1262 A
818 1229 850 1262 Ε
887 1229 910 1262 s
947 1228 978 1262 T
1014 1231 1047 1264 R
1082 1230 1104 1263 1
1140 1230 1191 1263 ο

140 1356 142 1358 ¹
217 1293 353 1362 Quin
382 1291 523 1336 etiam
547 1306 719 1335 aurum
746 1301 894 1350 atque
911 1301 1228 1349 ornamenta,
1256 1306 1380 1352 quae
1402 1291 1502 1352 ipse

468 1361 724 1418 instruxit,
756 1362 945 1407 muliexi

218 1436 395 1484 Omnia
413 1434 493 1480 dat
518 1433 681 1490 don0,
706 1449 752 1479 se
783 1444 838 1479 ut
859 1433 1022 1479 abeat:
1049 1435 1113 1481 ita
1132 1451 1220 1499 ego
1250 1436 1500 1494 consilium

470 1505 513 1550 ei
541 1504 666 1550 dedi.

573 1590 600 1622 P
639 1590 669 1623 L
703 1589 734 1622 E
773 1588 809 1622 U
846 1588 868 1622 S
905 1589 929 1622 1·
961 1591 997 1623 D
1032 1590 1062 1623 E
1101 1589 1138 1623 S.

214 1655 365 1700 Facile
399 1653 518 1697 istuc
546 1649 747 1711 quidem
775 1659 842 1695 est
861 1683 875 1707 ,
908 1649 944 1695 si
979 1659 1026 1695 et
1055 1649 1135 1696 issa
1166 1653 1270 1698 volt
1287 1686 1302 1710 ,
1341 1661 1389 1698 et
1417 1652 1497 1699 ille

466 1735 628 1771 autem
653 1721 799 1783 cupit.

525 1817 553 1849 P
591 1815 626 1848 A
662 1816 693 1848 L
728 1815 765 1847 A
797 1814 828 1847 E
866 1814 888 1849 S
926 1814 958 1847 T
993 1814 1028 1848 R
1063 1815 1086 1847 1
1124 1814 1174 1847 O.

214 1881 327 1928 Non
344 1890 398 1925 tu
422 1877 528 1923 scis:
552 1893 704 1936 quom
729 1890 790 1920 ex
811 1876 908 1919 alto
926 1868 1077 1935 pu'teo
1095 1890 1278 1921 sursum
1292 1872 1353 1919 ad
1370 1890 1498 1940 sum-⁴

464 1966 605 1997 mum
639 1946 923 2002 escenderis,

213 2029 498 2074 Maxumum
526 2022 793 2084 periculum
827 2019 940 2066 inde
975 2037 1099 2078 esse,
1138 2037 1166 2066 a
1204 2037 1395 2068 summo
1429 2037 1495 2070 ne

463 2113 648 2143 rursum
679 2094 842 2141 cadas?
1327 2082 1331 2084 ’

212 2172 353 2218 Nunc
385 2172 501 2217 haec
534 2186 604 2215 res
632 2168 762 2230 apud
790 2183 1034 2214 summum
1063 2177 1268 2229 puteum
1291 2167 1489 2232 geritur:

463 2242 499 2287 si
531 2239 811 2302 prosenserit

211 2317 375 2376 Miles,
406 2313 526 2361 nihil
551 2313 662 2358 hinc
682 2312 787 2359 ferri
809 2312 985 2373 poterit
1003 2311 1156 2376 hujus.
1190 2326 1322 2358 nunc
1342 2299 1488 2373 quam

466 2402 691 2434 maxume
