1618 2866
55 193 185 240 ms
356 172 648 224 Ac‘rns
700 173 761 222 v,
817 172 915 221 sc.
968 154 1075 220 11.'
1244 184 1342 239 559

60 331 63 333 c
350 285 1071 329 THEUROPIDES.

57 358 167 419 jam
203 356 396 403 minoris
435 356 595 402 omnia
633 354 752 402 facio
771 389 786 414 ,
820 371 931 417 prae
974 370 1122 418 quam
1163 353 1340 416 quibus

315 430 472 477 modis

60 505 144 556 Me
166 504 432 552 ludificatus
459 514 539 550 est.

272 581 279 586 '
343 623 347 626 ,
513 589 544 621 Τ
581 590 615 622 R
652 587 686 621 A
723 589 759 622 Ν
794 588 817 620 1
855 587 908 622 ο.

291 648 420 695 Bene
446 649 602 694 hercle
631 647 835 707 facturn,
860 660 908 694 et
935 646 1114 694 facturn
1140 648 1340 712 gaudem

61 720 234 785 Sapere
260 723 373 768 istac
395 731 545 767 aetate
564 731 754 782 oportet
767 755 783 778 ‚
811 720 897 782 qui
918 731 1030 766 sunt
1059 722 1210 784 capite
1230 738 1343 768 can·-

313 794 442 840 dido.
939 838 942 845 ,

353 886 1065 922 THEUROPIDES.

52 948 192 1019 Quid
216 965 304 1013 ego
325 963 456 994 nunc
483 947 673 1005 faciam,
701 948 738 992 si
757 948 932 993 amicus
949 947 1196 1009 Demipho
1211 982 1226 1007 ‚
1245 959 1327 997 aut

309 1019 616 1080 Philonides?

509 1113 542 1145 ‘r
576 1114 611 1146 R
647 1112 683 1145 A
720 1114 753 1146 Ν
788 1114 809 1146 Ι
848 1114 895 1147 o.

60 1175 223 1222 Dicito
248 1174 301 1219 iis
315 1208 330 1232 ,
361 1190 461 1235 quo
478 1185 618 1235 pacto
637 1185 747 1221 tuus
764 1186 812 1220 te
830 1191 981 1222 servos
998 1174 1331 1223 ludificaverit:

59 1248 294 1309 Optumas
322 1246 638 1292 frustrationes
662 1246 842 1292 dederis
864 1247 916 1292 in
936 1247 1221 1293 Comoediis.

320 1339 1108 1374 CALLIDAMATES.

59 1406 186 1455 Tace
203 1424 478 1470 parumper:
495 1408 594 1453 sine
608 1407 808 1454 vicissim
826 1424 906 1453 me
927 1407 1090 1468 loqui:
1112 1409 1332 1456 ausculta.

347 1499 1055 1534 THEUROPIDES.
1230 1530 1235 1535 .

1178 1553 1326 1598 Licet.

315 1628 1101 1662 CALLIDAMATES.

61 1698 295 1744 Omnium
311 1698 520 1759 primum
537 1696 746 1741 sodalem
763 1712 843 1741 me
863 1713 955 1741 esse
969 1697 1051 1742 scis
1068 1708 1211 1760 gnato
1230 1707 1331 1743 tuo.

59 1771 104 1818 Is
125 1772 238 1818 adiit
258 1788 362 1818 me:
391 1788 503 1816 nam
530 1770 667 1815 illum
686 1769 877 1831 prodire
893 1770 1046 1831 pudet
1065 1771 1116 1816 in
1135 1786 1333 1832 conspe-

306 1856 440 1891 ctum
470 1856 612 1891 tuum
628 1878 643 1901 ,

57 1914 306 1976 Propterea
319 1950 334 1972 ,
365 1930 485 1976 quae
517 1914 628 1960 fecit
652 1915 765 1975 quia
792 1926 840 1960 te
861 1915 973 1961 scire
999 1916 1096 1962 scit.
1126 1931 1258 1962 nunc
1282 1927 1331 1962 te

311 1987 502 2032 obsecro

57 2045 290 2096 Stultitiae
307 2020 742 2112 adulescentiaeque
762 2052 858 2114 ejus
874 2052 1104 2114 ignoscas:
1122 2061 1230 2094 tuus
1249 2061 1329 2096 est.

59 2119 155 2167 Scis
183 2123 327 2168 solere
357 2125 494 2169 illanc
525 2135 725 2168 aetatem
755 2124 835 2167 tali
863 2122 981 2167 ludo
1009 2121 1187 2167 indere.

61 2194 318 2265 Quidquid
345 2197 454 2244 fecit
470 2234 484 2256 ‚
515 2197 766 2244 nobiscum
797 2213 892 2243 una
921 2196 1054 2268 fecit:
1097 2213 1183 2242 nos
1213 2196 1332 2242 deli-

317 2285 517 2328 quimus.
1213 2286 1220 2291 ·

59 2338 212 2386 Fenus
227 2373 242 2398 ‚
269 2350 442 2385 sortem
460 2374 475 2397 ,
505 2354 816 2403 sumtumque
842 2356 1040 2389 omnem
1056 2375 1072 2400 ,
1101 2341 1189 2404 qui.
1214 2340 1327 2388 ami-

310 2427 363 2457 ca
395 2422 461 2457 est
476 2446 492 2470 ‚
519 2415 678 2460 omnia
