1618 2866
216 175 308 224 602
673 176 711 222 P
745 177 783 224 E
816 176 859 224 R
892 177 923 224 S
957 178 1010 224 A.
1363 201 1406 231 v.
1431 199 1494 243 54

700 301 736 335 V
773 303 794 335 1
830 303 863 336 R
901 302 933 335 G
971 300 1021 335 o.‘

888 363 1058 409 Habeo
1091 363 1140 408 in
1171 367 1408 414 memoria.

210 432 490 480 Necessitate
521 451 628 491 me,
655 435 776 480 mala
805 446 861 480 ut
888 437 1026 493 fiam,
1054 435 1173 482 facis.
1488 498 1491 501 ἱ

209 505 391 551 Verum
427 505 589 552 videto
609 541 622 563 ‚
657 507 740 552 ubi
774 524 852 552 me
882 510 1009 555 voles
1041 521 1252 571 nuptum
1287 510 1426 570 dare,

207 575 282 621 Ne
311 577 426 622 haec
457 577 577 623 fama
611 577 746 624 faciat
769 580 1039 640 repudiosas
1071 583 1270 644 nuptias.

629 680 650 713 s
687 682 719 714 A
759 683 789 714 T
826 682 861 715 U
898 685 930 717 R
966 685 986 716 1
1023 685 1067 717 o.
1196 727 1202 730 λ

207 740 350 798 Tace,
369 742 521 802 stulta.
542 758 642 787 non
661 754 714 788 tu
734 743 1143 790 nunc-hominum
1158 761 1314 791 mores
1328 745 1490 792 vides?

206 813 531 882 Quoj'usmodi
566 814 642 861 hic
672 831 783 860 cum
815 815 937 861 fama
972 816 1103 863 facile
1136 817 1346 862 nubitur.

206 885 340 934 Dum
375 887 460 934 dos
493 889 579 946 sit,
609 889 800 933 nullum
831 888 1003 935 vitium
1031 889 1146 935 vitio
1177 889 1394 936 vortitur.

698 984 735 1018 V
771 984 792 1016 I
829 984 862 1017 R
901 985 933 1018 G
964 986 1020 1019 O·

203 1042 333 1106 Ergo
366 1041 483 1087 istuc
515 1041 655 1088 facito
675 1077 687 1100 ,
720 1054 776 1088 ut
802 1043 960 1090 veniat
989 1044 1040 1091 in
1068 1055 1283 1093 mentem
1317 1046 1435 1104 tibi,

203 1114 284 1160 Me
319 1132 413 1161 esse
443 1114 720 1167 indotatam.

628 1212 649 1244 s
687 1213 721 1246 A
758 1213 788 1245 T
826 1210 862 1243 U
897 1213 931 1246 R
966 1212 986 1244 1
1023 1213 1070 1245 ο.

757 1273 880 1318 Cave
911 1272 965 1317 sis
1001 1284 1056 1318 tu
1087 1272 1204 1318 istuc
1233 1273 1421 1321 dixeris.

203 1343 291 1389 Pol
321 1344 483 1390 Defim
516 1345 690 1391 virtute
720 1345 902 1402 dicam,
948 1357 995 1391 et
1029 1343 1265 1410 maj0mm
1295 1350 1488 1406 mefim,

204 1417 277 1463 Ne
317 1429 364 1463 te
398 1419 660 1464 indotatam
693 1419 814 1464 dicas
835 1453 849 1476 ‚
888 1420 1005 1480 quoi
1039 1419 1121 1465 dos
1149 1420 1206 1466 sit
1235 1421 1384 1467 domi.

204 1490 468 1537 Librorum
499 1493 717 1538 eccillum
748 1493 902 1538 habeo
934 1494 1134 1553 plenum
1163 1509 1391 1539 soracum.

203 1564 248 1610 Si
268 1565 360 1611 hoc
383 1567 618 1612 accurassis
644 1562 800 1627 lepide
816 1601 829 1624 ,
855 1567 972 1627 quoi
993 1566 1060 1612 rei
1078 1583 1273 1628 operam
1294 1568 1459 1613 damus
1473 1601 1488 1625 ,

203 1641 462 1686 Dabuntur
494 1640 616 1687 dotis
650 1641 737 1686 tibi
767 1641 882 1686 inde
912 1641 1118 1695 sexcenti
1151 1641 1303 1705 logi,>

204 1711 366 1772 Atque
398 1714 539 1758 Attici
564 1730 754 1771 omnes,
788 1715 979 1760 nullum
996 1714 1208 1760 Siculum
1237 1716 1486 1782 acceperiq:

205 1786 330 1832 Cum
361 1787 445 1832 hac
482 1788 596 1833 dote
630 1788 807 1848 poteris
841 1790 919 1834 vel
946 1788 1169 1834 mendico
1201 1788 1395 1834 nubere.

692 1881 727 1914 V
764 1881 784 1912 1
821 1881 853 1913 R
892 1880 923 1912 G
961 1881 1009 1913 o.

207 1939 344 2008 Quin
379 1951 433 1985 tu
467 1956 544 1984 me
576 1939 707 1985 ducis
726 1974 739 1997 ,
771 1939 806 1984 si
835 1955 934 1999 quo
969 1938 1198 1985 ducturus
1217 1974 1230 1996 ,
1258 1952 1404 2002 pater.

183 2012 297 2058 -Vel
321 2025 374 2058 tu
410 2029 488 2058 me
517 2013 703 2070 vende,
739 2013 816 2059 vel
841 2011 938 2059 face
974 2013 1110 2074 quod
1144 2013 1231 2058 tibi
1265 2014 1417 2061 lubet.

625 2113 646 2146 S
687 2113 719 2146 A
757 2114 787 2146 Τ
823 2112 858 2145 U
894 2112 927 2145 R
964 2113 982 2144 1
1020 2113 1068 2145 Ο.

204 2172 399 2250 ΒΟΙΞΙΠΠ
426 2190 731 2236 aequomque
759 2191 872 2220 oras.
904 2189 1101 2235 Sequere
1127 2173 1227 2217 hac.

688 2267 725 2303 V
762 2268 782 2300 1
818 2268 851 2300 Β
888 2266 919 2298 G
958 2267 1007 2298 o.

968 2325 1110 2372 Dicto
1136 2343 1240 2372 sum
1276 2323 1484 2374 audieilsL
