1618 2866
230 176 325 239 378
472 170 719 221 MILES
776 172 1267 223 GLoRmsus.
1383 175 1514 237 ηε

232 281 384 329 Nimis
410 282 544 340 beat,
566 283 704 344 quod
724 297 1000 334 conmeatus
1018 289 1262 336 transtinet
1287 299 1411 337 trans
1427 305 1512 352 pa-

479 368 663 404 netem.

589 455 611 488 s
650 456 676 488 c
711 456 742 489 Ε
778 457 808 489 L
845 457 875 490 Ε
913 457 949 489 D
985 457 1020 490 R
1055 457 1092 490 U
1129 455 1169 490 s.

232 511 366 559 Heus
382 547 396 572 ,
425 512 701 573 Palaestrio,
730 517 973 563 machaera
1003 515 1125 562 nihil
1157 531 1291 578 opus.

557 609 586 641 Ρ
622 607 655 641 Α
694 608 725 641 Ι,
760 608 794 641 Α
830 609 860 641 Ε
901 607 924 641 s
961 609 991 642 Τ
1028 611 1061 643 R
1097 609 1118 641 1
1154 608 1202 642 o.

707 668 846 738 Quid
864 670 966 733 jam
982 704 996 727 ‚
1027 680 1109 716 aut
1129 668 1251 731 quid
1274 684 1394 731 opus
1419 668 1519 716 est?

593 763 614 796 s
653 763 680 796 c
717 763 747 795 E
783 763 814 795 1.
849 764 879 796 Ε
916 765 952 797 D
987 766 1022 798 R
1058 764 1094 796 U
1131 764 1170 798 s.

237 821 387 869 Domi
418 839 576 870 eccam
601 824 801 870 herilem
827 824 1164 871 concubinam.

565 911 1210 951 PALAESTRIO.

982 977 1153 1047 Quid?
1181 976 1352 1024 domi?

599 1075 621 1109 S
659 1075 687 1108 C
722 1076 754 1109 Ε
790 1076 821 1110 L
856 1075 887 1109 E
924 1076 960 1110 D
997 1078 1030 1111 R
1068 1075 1104 1108 U
1141 1075 1180 1110 S.

1147 1134 1206 1180 In
1222 1134 1348 1180 lecto
1366 1131 1525 1179 cubat.

565 1227 594 1260 P
631 1226 667 1260 A
705 1227 736 1260 L
773 1226 808 1260 A
843 1227 874 1260 Ε
912 1226 934 1260 s
974 1226 1006 1260 Τ
1041 1228 1076 1261 R
1110 1227 1131 1260 1
1169 1225 1219 1258 ο.

241 1289 430 1351 Edepol
473 1306 562 1336 nae
605 1301 661 1335 tu
695 1289 786 1335 tibi
819 1290 994 1335 malam
1041 1305 1144 1336 rem
1176 1285 1386 1350 reperisti
1404 1319 1421 1344 ,
1468 1294 1525 1330 ut

492 1362 740 1423 praedicas.

601 1454 624 1488 s
661 1455 688 1487 c
723 1454 754 1486 E
790 1453 821 1486 1.
856 1454 888 1486 Ε
925 1454 960 1486 D
999 1455 1032 1488 R
1068 1453 1104 1486 U
1139 1452 1179 1487 s.

246 1514 385 1583 Quid
405 1515 542 1580 jam?

572 1601 601 1633 P
638 1597 671 1631 A
709 1597 740 1631 L
776 1596 810 1631 A
841 1597 873 1631 E
911 1597 934 1631 S
973 1596 1004 1629 T
1039 1596 1073 1629 R
1108 1594 1130 1628 1
1167 1593 1216 1627 Ο.

342 1660 472 1729 Quia
502 1661 624 1706 hanc
653 1659 882 1724 attingere
912 1673 1049 1703 ausus
1080 1654 1334 1701 mulierem
1365 1652 1444 1698 hic
1479 1651 1531 1701 in

1210 1741 1469 1790 proxumo.

609 1814 1194 1853 SCELEDRUS.

248 1883 394 1947 Magis
429 1882 586 1928 hercle
619 1891 802 1926 metu0.
845 1876 928 1923 sed
963 1891 1238 1937 numquam
1275 1872 1533 1935 quisquasn

501 1953 639 1999 faciet
658 1987 671 2008 ‚
701 1951 822 2012 quin
852 1965 982 1995 soror

249 2029 342 2074 Ista
367 2027 425 2073 sit
451 2042 670 2092 germana
693 2026 848 2088 hujuS.

575 2129 603 2162 P
639 2127 675 2159 A
710 2126 740 2159 L
777 2126 813 2158 A
846 2123 877 2156 E
914 2123 936 2157 S
975 2124 1006 2156 T
1043 2125 1078 2157 R
1112 2122 1133 2155 I
1171 2122 1222 2155 O·

578 2198 694 2244 Eam
720 2196 806 2258 pol
829 2205 884 2240 tu
911 2194 1205 2240 osculantem
1236 2191 1314 2237 hic
1340 2187 1538 2236 videras.

253 2270 317 2318 Et
346 2270 547 2334 quidem
567 2271 723 2332 palam
740 2270 796 2314 'st
822 2284 928 2314 eam
959 2283 1080 2323 esse,
1107 2276 1164 2311 ut
1187 2263 1313 2310 dicis.
1611 2259 1615 2262 ’

618 2368 641 2402 s
682 2367 710 2400 c
746 2366 777 2399 Ε
814 2364 845 2399 1.
880 2364 910 2398 Ε
946 2365 982 2398 D
1018 2364 1051 2398 R
1089 2362 1124 2394 U
1163 2361 1201 2394 s.

1030 2421 1168 2491 Quid
1193 2417 1388 2482 propius
1414 2414 1539 2472 fuit,
