1618 2866
76 205 204 264 ⁹34⁶
370 197 661 248 ACTUS
704 170 1101 245 1v.s0.1v.
1263 196 1360 256 εις

469 324 506 356 D
545 323 576 356 o
613 324 647 356 R
681 323 717 356 D
755 321 790 354 A
827 321 858 353 1.
896 320 930 352 U
967 317 1011 353 ε.
1043 311 1046 315 ’

705 378 834 446 Age,
867 381 1025 427 indica
1055 380 1363 446 prognariter.

402 475 425 510 s
461 476 494 509 A
535 475 567 510 G
605 474 639 508 A
676 477 710 510 R
745 475 765 507 1
803 475 826 508 s
865 474 896 508 ‘r
933 476 953 508 1
990 475 1037 508 ο.

78 538 211 588 Prius
230 536 358 585 dico·
391 537 513 584 hanc
537 535 793 598 mancupio
811 551 957 582 nemo
977 535 1063 581 tibi
1087 534 1231 580 dabit.
1259 534 1361 599 jam

1080 609 1198 656 scis?

464 663 1000 722 DDRDALUS.

1235 737 1358 784 Scio.

77 814 266 872 Indica,
283 813 484 860 minimo
504 812 697 858 daturus
719 812 807 873 qui
829 812 884 858 sis
900 847 914 869 ‚
945 813 1029 873 qui
1057 812 1166 859 duci
1198 821 1355 872 queat.

497 906 530 939 Τ
565 907 598 939 o
635 906 671 938 x
706 906 727 939 1
762 906 792 938 1.
830 906 866 938 U
903 907 938 940 s.

76 967 231 1026 Tace,
251 978 381 1024 tace,
411 966 548 1012 nimis
576 976 630 1011 tu
651 957 851 1026 quidem
878 960 1038 1012 hercle
1061 968 1211 1012 homo
1242 965 1359 1011 stul·-

334 1050 410 1085 tus
440 1055 489 1083 es
513 1038 766 1099 pueriliter.

466 1134 502 1166 D
544 1133 576 1166 Ο
617 1135 650 1167 R
685 1134 720 1166 D
758 1131 792 1165 A
828 1132 859 1165 I.
896 1132 931 1164 U
967 1132 1006 1165 S.

78 1185 214 1257 Quid
238 1185 338 1231 ita?

495 1263 527 1296 T
565 1262 597 1295 O
635 1262 672 1294 X
706 1263 728 1295 1
763 1263 794 1296 L
834 1264 870 1297 U
906 1263 943 1298 S.

107 1360 111 1364 ,
174 1323 305 1392 Quia
321 1322 451 1368 enim
466 1333 517 1369 te
535 1338 595 1369 ex
609 1324 769 1384 puella
787 1323 915 1385 prius
932 1324 1198 1385 percontari
1219 1325 1330 1370 volo
1341 1357 1357 1381 ‚

78 1395 219 1465 Quae
244 1395 304 1441 ad
333 1411 436 1441 rem
456 1396 679 1441 referunt.

465 1485 501 1517 D
540 1485 572 1517 0
610 1486 646 1518 R
682 1486 717 1517 D
757 1486 792 1518 A
827 1486 858 1519 1,
895 1487 929 1518 U
966 1486 1003 1519 s.

181 1546 245 1592 Et
268 1545 468 1620 quidem
490 1546 645 1591 hercle
662 1556 718 1591 tu
734 1563 814 1592 me
832 1546 1057 1592 monuisti
1073 1546 1203 1591 haud
1219 1545 1357 1590 male.

74 1617 202 1665 Vide
228 1618 313 1675 sis,
348 1634 434 1680 ego
465 1617 544 1662 ille
575 1618 744 1669 doctus
774 1620 886 1665 leno
915 1635 1064 1680 paene
1087 1619 1138 1663 in
1166 1617 1356 1664 foveam

329 1689 516 1746 decidi,

75 1761 140 1808 Ni
174 1761 251 1808 hic
283 1760 471 1807 adesses.
501 1724 738 1823 {quantum
763 1764 818 1809 ’st
846 1761 1072 1810 adhibere
1105 1764 1354 1810 hominem

335 1833 543 1879 amicum
558 1869 572 1892 ‚
601 1834 686 1880 ubi
714 1834 833 1896 quid
861 1837 1012 1900 geras!

496 1931 528 1964 T
566 1932 599 1964 Ο
636 1932 673 1965 X
707 1933 729 1966 1
763 1933 795 1966 L
832 1928 868 1966 U
903 1934 939 1967 S.

77 1997 193 2066 Quo
223 1991 390 2060 genere
404 2031 417 2055 ‚
447 2010 528 2044 aut
549 2016 644 2060 qua
670 2001 721 2045 in
751 2002 898 2062 patria
915 2001 972 2046 sit
990 2011 1096 2046 nata
1115 2035 1129 2057 ‚
1149 2010 1230 2045 aut
1249 2002 1354 2061 qui-

327 2069 417 2115 bus
450 2071 746 2130 parentibus;

78 2136 153 2183 Ne
177 2148 352 2186 temere
376 2143 497 2188 hanc
526 2154 574 2188 te
605 2144 765 2189 emisse
801 2143 924 2203 dicas
954 2160 1089 2191 suasu
1110 2155 1254 2206 atque
1283 2147 1355 2191 in-

329 2216 470 2274 pulsu
498 2221 620 2261 meo.

82 2282 181 2332 Nisi
195 2288 474 2336 molestum?
476 2302 534 2348 st,
551 2294 816 2353 percontati
832 2295 957 2340 hanc
971 2287 1129 2356 paneis
1145 2296 1221 2342 hic
1237 2286 1356 2342 vols.

405 2365 1033 2420 S‘AGARISTIO.

1102 2432 1356 2498 Maxume,
