1618 2866
102 147 196 196 v.9
358 126 668 177 ACTUS
725 125 806 172 11.
858 123 967 172 SC.
1019 123 1119 172 1v.
1286 138 1381 184 591

100 239 311 296 Stultus,
346 238 431 299 qui
466 239 559 283 hoc
589 236 708 283 mihi
739 235 870 281 daret
900 246 1173 298 argentum,
1208 237 1380 300 quojus

351 312 595 375 ingenium
623 320 830 355 noverat.

101 386 225 433 Nam
244 387 334 432 hoc
352 397 595 448 argentum
616 383 727 430 alibi
743 382 921 429 abutar.
940 381 1104 439 boveS,
1116 398 1236 442 quos
1255 398 1384 428 eme-

355 475 457 504 rem
473 491 488 515 ,
514 473 614 503 non
642 467 784 502 erant.

101 531 245 578 Nunc
273 542 322 576 et
346 529 499 576 amico
524 545 635 574 meo
666 525 981 590 prosperabo,
1013 537 1063 572 et
1089 526 1246 573 Genio
1271 543 1382 574 meo

263 655 271 661 ⁵
357 603 510 649 multa
538 602 666 648 bona
692 600 870 646 faciam.

100 677 200 725 Diu
218 674 352 738 quod
371 675 494 721 bene
513 675 598 720 erit
610 708 624 731 ,
645 673 723 719 die
745 689 844 718 uno
861 673 1116 719 absolvam.
1138 684 1219 719 tax
1233 707 1248 731 ,
1272 685 1383 732 tax,

355 759 487 812 tergo
516 763 628 793 meo
657 746 771 793 erit!
802 762 902 794 non
928 762 1056 792 curo.

102 821 245 876 Nunc
274 821 427 867 amico
454 819 637 866 homini
661 818 817 865 bobus
839 818 1030 864 domitis
1051 835 1157 864 mea
1186 835 1247 865 ex
1275 836 1382 867 cru-

43 952 46 953 ⁷
353 894 482 939 mina
511 893 684 955 largiar.

100 967 227 1014 Nam
251 966 303 1012 id
322 967 523 1015 demum
549 965 765 1026 lepidum
780 965 834 1009 'st
850 998 863 1021 ‚
895 965 1116 1025 triparcos
1143 966 1384 1026 homines,

354 1040 539 1090 vetulos
556 1072 571 1095 ‚
605 1038 766 1085 avidos
784 1072 799 1095 ,
834 1037 985 1088 aridos

100 1112 229 1159 Bene
265 1111 545 1157 admordere
561 1145 574 1168 ,
627 1112 712 1172 qui
745 1111 943 1157 salinum
974 1126 1107 1157 servo
1140 1110 1387 1175 obsignant

357 1200 472 1230 cum
499 1185 603 1230 sale.
1220 1220 1229 1229 .

103 1247 262 1308 ‚Virtus
291 1267 383 1312 est,
411 1255 497 1300 ubi
518 1255 695 1300 occasio
721 1254 975 1312 admonet,
1006 1256 1245 1318 dispicere.
1265 1256 1384 1318 quid

353 1327 492 1373 faciet
520 1327 637 1372 mihi
651 1328 673 1372 ?

111 1399 394 1448 Verberibus
425 1400 556 1446 'caedi
576 1402 789 1464 jusserit;
820 1398 1056 1464 conpedes
1087 1403 1268 1464 inponi.
1304 1422 1387 1451 va-

354 1474 515 1534 pulet!

104 1545 179 1592 Ne
204 1545 289 1592 sibi
318 1562 397 1590 me
422 1544 580 1590 credat
604 1547 866 1607 supplicem
892 1546 1012 1594 fore.
1039 1564 1125 1594 vae
1149 1549 1239 1594 illi!
1267 1549 1386 1595 mihi

350 1618 451 1680 jam
480 1617 548 1661 nil
574 1618 690 1663 novi
1213 1612 1218 1616 ¹

107 1690 276 1738 Offerri
294 1700 450 1751 potest
465 1724 479 1746 ,
507 1690 626 1750 quin
656 1691 744 1736 sim
763 1692 952 1752 peritus.
980 1692 1063 1739 sed
1087 1694 1248 1741 Toxili
1264 1712 1385 1758 pue-

355 1778 464 1808 rum
495 1762 755 1826 Paegnium
790 1781 969 1811 eccum.
1047 1789 1050 1792 Δ

474 1909 511 1954 S
560 1908 844 1958 CENA
918 1913 1028 1958 IV.

204 2033 681 2074 PAEGNIUM.
749 2035 1284 2076 SAGARISTIO.

491 2162 1013 2203 PAEGNrum.

110 2217 208 2330 P
209 2294 241 2328 Ε
257 2295 290 2330 N
305 2294 329 2330 s
344 2296 380 2330 U
393 2297 439 2332 M
468 2302 633 2334 meum
651 2321 667 2344 ‚
702 2287 838 2348 quod
874 2288 1042 2335 datum
1068 2290 1124 2337 ’st
1139 2326 1155 2349 ‚
1188 2292 1383 2340 confeci.

585 2377 712 2407 nunc
742 2377 944 2428 propero
970 2364 1187 2419 domum.
