1618 2866
261 191 323 253 98
631 186 1153 235 EPI-DICUS.
1413 170 1538 251 ψῃ

262 291 555 348 Intusiatam‚
570 303 675 352 pata
680 292 867 355 giatam‚
881 292 1116 352 caltulam,
1132 304 1214 341 aut
1227 298 1537 355 crocotulam,

266 364 536 426 Subparum
556 376 637 410 aut
655 364 950 410 subnimium
961 400 976 424 ,
993 365 1162 426 ricarli,
1176 368 1438 428 basilicum,
1456 382 1542 418 aut

515 448 758 483 exotlcum
771 472 784 495 ‚
1360 496 1363 497 ⁷

263 512 501 559 Cumatile
535 523 617 558 aut
646 511 914 573 plumatile‚
942 512 1156 559 cerinum
1185 524 1269 560 aut
1290 512 1535 562 melinum,

516 603 671 650 gerrae
697 578 974 631 maxumae!

265 659 381 706 Cani
398 674 597 721 quoque
618 657 758 703 etiarn
775 656 1025 703 ademtum
1042 658 1096 702 ’st
1115 672 1313 703 nomen.

650 751 682 783 Ε
719 752 747 785 P
785 751 807 784 1
843 752 878 783 D
914 751 935 783 1
971 752 997 783 c
1036 751 1071 783 U
1108 750 1147 784 s.
1194 778 1200 781 .

923 803 1056 872 Qui?

587 879 1218 915 PERIPHANES.

1033 939 1221 986 Vocant
1236 938 1539 991 Laconicum.

265 1022 395 1068 Haec
413 1017 643 1066 vocabula
660 1016 900 1061 auctiones
927 1015 1154 1078 subigunt
1170 1025 1226 1061 ut
1249 1013 1419 1059 faciant
1437 1012 1538 1059 viri.

267 1095 404 1165 Quin
421 1105 474 1138 tu
491 1127 503 1149 ,
525 1102 580 1137 ut
599 1089 845 1150 occepisti,
865 1090 1076 1149 loquere.

653 1184 684 1216 Ε
722 1184 749 1216 Ρ
786 1183 806 1215 1
841 1183 890 1229 D«
915 1183 935 1215 1
971 1184 997 1216 c
1034 1182 1071 1215 U
1106 1182 1144 1216 s.

939 1242 1180 1302 Occepere
1197 1240 1311 1286 aliae
1327 1238 1557 1287 mulieres,

267 1318 405 1365 Duae
423 1327 529 1378 post
561 1332 638 1360 me
662 1314 723 1360 sic
751 1313 949 1360 fabulari
968 1314 1091 1359 inter
1115 1328 1222 1359 sese.
1248 1329 1335 1376 ego
1353 1311 1545 1359 abscessi

519 1389 669 1432 solens
1559 1444 1564 1447 ι

268 1464 472 1509 Paulum
491 1461 549 1506 ab
572 1461 680 1505 illis:
705 1459 1051 1505 dissimulabam
1081 1470 1159 1504 me
1179 1460 1348 1505 harum
1370 1473 1546 1504 sermo-

520 1526 571 1577 ni
603 1548 794 1592 operam
823 1531 944 1577 dare.

268 1609 369 1657 Nec
395 1607 497 1652 satis
526 1604 864 1664 exaudiebam,
888 1620 976 1650 nec
1006 1603 1230 1650 sermonis
1256 1602 1445 1650 fallebar
1471 1611 1544 1648 ta-

273 1688 293 1699 ·
527 1694 642 1722 men
661 1711 675 1734 ‚

267 1755 407 1823 Quae
424 1754 748 1812 loquerentur.

585 1839 613 1871 P
652 1839 682 1871 Ε
719 1839 751 1871 R
787 1838 807 1870 1
844 1838 874 1871 P
909 1837 944 1870 Η
978 1836 1013 1870 Α
1051 1838 1086 1871 Ν
1122 1836 1152 1869 Ε
1188 1834 1227 1869 s.

678 1901 737 1945 Id
753 1900 922 1953 lubido
947 1910 1014 1946 est
1030 1899 1155 1945 scire.

655 1994 684 2025 Ε
721 1994 762 2060 Ρ.
784 1995 805 2026 1
841 1996 877 2028 D
912 1995 933 2026 1
968 1994 995 2026 c
1032 1992 1067 2025 U
1104 1991 1142 2024 s.

1102 2048 1384 2098 Ibiillarurn
1401 2050 1541 2097 altera

269 2118 403 2167 Dixit
421 2119 509 2178 illi,
532 2120 730 2182 quicum
748 2120 843 2180 ipsa
862 2119 972 2164 ibat.
1530 2130 1533 2132 ’

589 2212 616 2243 P
655 2212 684 2243 E
720 2212 752 2243 R
787 2212 808 2243 1
844 2211 872 2243 P
908 2210 941 2241 H
978 2208 1013 2241 A
1047 2209 1081 2242 Ν
1116 2208 1146 2240 Ε
1185 2208 1225 2242 s.

842 2268 1008 2338 Quid?

650 2356 680 2389 Ε
716 2355 743 2387 P
779 2355 801 2388 1
836 2355 871 2387 D
906 2354 926 2386 1
963 2354 989 2386 c
1027 2352 1062 2384 U
1099 2352 1136 2385 s.
1390 2377 1396 2381 .

983 2413 1110 2459 Tace
1132 2430 1240 2479 ergo
1254 2448 1268 2473 ,
1290 2425 1347 2462 ut
1368 2411 1535 2462 audias.
