1618 2866
60 213 221 267 -v.-59
416 195 703 248 ACTUS
754 198 830 245 ΙΙ.
879 195 986 247 SC.
1034 198 1073 245 Ι.
1272 213 1371 266 499

379 314 1090 355 PHILOLACHBS.

88 379 148 430 In
177 391 311 428 tuam
349 379 612 426 custodiam
639 392 816 438 meque
851 387 900 422 et
923 391 1048 421 meas
1074 391 1176 438 spes
1199 375 1370 436 trado,

345 453 539 499 Tranio.

542 535 573 570 Τ
610 536 643 569 R
678 534 715 568 A
751 535 786 568 N
822 535 843 568 1
881 534 931 568 ο.

88 603 258 651 Pluma
293 597 425 645 haud
453 596 644 642 interest
657 630 672 654 ,
703 605 929 656 patronus
943 627 958 654 ,
993 611 1055 641 an
1085 596 1231 644 cliens
1258 613 1372 659 pro-

341 672 448 734 pior
480 670 566 716 siet

90 746 323 803 Homini,
351 743 471 806 quoi
501 742 631 788 nulla
665 740 717 787 in
748 750 943 802 pectore
960 741 1015 788 ’st
1035 742 1240 790 audacia.

89 822 214 867 Nam
233 818 418 880 quoivis
444 816 654 873 homini,
674 816 752 862 vel
771 826 974 876 optumo
987 852 1006 873 ‚
1027 817 1105 863 vel
1122 834 1369 878 pessumo,

255 893 323 940 vis
346 889 566 937 desubito
597 887 730 935 facile
749 889 803 934 ’st
831 887 980 935 facere
1005 891 1255 951 nequiter:

87 967 138 1018 ¹V
138 983 271 1013 erum
289 965 340 1011 id
356 963 624 1011 videndum
638 963 692 1008 ’st
704 996 719 1019 ‚
742 961 794 1007 id
810 962 897 1007 viri
916 962 1046 1008 docti
1064 964 1118 1009 'st
1146 981 1266 1025 opus
1279 998 1298 1023 2

90 1042 232 1111 Quae
254 1039 490 1102 designata
518 1037 611 1081 sint
637 1046 685 1080 et
712 1034 831 1080 facta
861 1036 1098 1096 nequiter
1095 1070 1117 1094 ,

90 1113 166 1159 Ne
191 1112 312 1173 quid
338 1110 567 1172 patiatur,
602 1107 919 1169 quamobrem
940 1109 1098 1173 pigeat
1124 1110 1304 1156 vivere:

93 1184 376 1244 Tranquille
403 1192 603 1238 cuncta,
636 1192 684 1226 et
709 1192 764 1226 ut
787 1182 1073 1243 proveniant·
1099 1183 1197 1228 sine
1228 1184 1374 1231 malo.

94 1258 228 1305 Sicut
257 1273 345 1321 ego
376 1255 596 1311 efficiam,
627 1271 749 1314 quae
777 1254 896 1302 facta
912 1255 989 1302 hic
1012 1255 1336 1316 turbavimus,

92 1330 311 1390 Profecto
337 1340 392 1375 ut
416 1329 631 1390 liqueant
655 1330 816 1375 omnia
836 1341 884 1375 et
912 1329 1167 1390 tranquilla
1185 1331 1305 1388 sint,

92 1404 275 1466 Neque
281 1401 546 1464 quidquam
565 1401 703 1447 nobis
720 1403 901 1463 pariant
919 1420 979 1450 ex
993 1420 1041 1450 se
1055 1403 1373 1451 incommodi.

94 1476 191 1523 Sed
211 1475 331 1537 quid
349 1486 405 1520 tu
424 1473 682 1538 egrederis?
701 1476 840 1537 perii!
862 1477 957 1523 oh
938 1488 1039 1542 Jam
1048 1479 1150 1542 jam
1169 1489 1370 1575 optume

93 1548 356 1624 Praeceptis
379 1547 597 1610 paruisti!

609 1631 641 1665 Ρ
679 1630 716 1663 U
749 1630 779 1663 E
814 1630 863 1663 R.

626 1691 782 1737 Herus
802 1692 939 1755 jussit
970 1709 1200 1740 maxumo

95 1765 254 1828 Opere
261 1782 400 1813 orare
411 1800 426 1823 ‚
446 1777 502 1828 ut
519 1776 704 1826 patrem
722 1765 884 1826 aliquo
901 1765 1172 1814 absterreres
1182 1767 1341 1814 modo
1352 1796 1373 1827 ,-

74 1837 169 1884 ‘Ne
202 1839 428 1889 introiret.
451 1838 609 1885 Adest.

546 1932 578 1964 T
613 1932 647 1965 n
682 1931 718 1963 A
753 1930 788 1962 N
826 1931 847 1963 1
883 1930 931 1964 ο.

642 1991 777 2074 Quin
799 1992 943 2037 etiam
973 1992 1041 2038 illi
1069 1993 1164 2038 hoc
1194 1992 1375 2051 dicito,

27 2050 349 2110 ‘facturum
372 2080 475 2123 me,
494 2076 551 2112 ut
569 2081 633 2111 ne
651 2067 793 2111 etiam
812 2065 1012 2126 aspicere
1032 2066 1156 2110 aedis
1179 2065 1374 2116 audeat·

103 2135 265 2195 Capite
290 2138 522 2185 obvoluto
550 2149 606 2185 ut
634 2138 781 2202 fugiat
808 2153 921 2182 cum
944 2153 1132 2181 summo
1159 2147 1308 2181 metu.
1359 2151 1364 2154 ·

103 2203 285 2255 Clavim
315 2210 432 2256 cedo
445 2246 460 2268 ‚
493 2223 637 2272 atque
670 2211 749 2256 abi
783 2209 894 2254 hinc
923 2209 1049 2255 intro
1066 2243 1081 2266 ,
1116 2220 1260 2270 atque
1293 2225 1378 2257 ocd

354 2283 500 2328 clude·
522 2285 720 2330 ostium:
991 2338 997 2342 .

103 2353 166 2401 Et
194 2370 282 2418 ego
312 2354 422 2401 hinc
450 2358 710 2403 occludam,
733 2358 855 2421 jube
880 2358 1040 2405 venire
1067 2372 1197 2402 nunc
1224 2357 1335 2405 ’1’3111.

104 2423 267 2471 Ludos
292 2441 378 2490 ego
402 2426 545 2473 hodie
570 2428 681 2476 vivo
706 2430 937 2490 praesenti
964 2429 1042 2487 hic
1070 2429 1169 2473 seni

1029 2499 1089 2542 Ii
1131 2513 1154 2544 2
