1618 2866
251 197 340 246 262
571 195 1174 246 MERCATOR.
1438 213 1534 262 v.9

248 317 307 362 In
346 315 609 362 custodiam
643 332 746 362 eam
781 314 953 362 Simiae
984 316 1277 364 concredere.

249 389 318 437 Ea
344 388 487 435 Simia
515 387 635 434 a'deo
663 399 771 450 post
799 389 929 435 haud
949 390 1106 434 multo
1136 389 1198 435 ad
1227 406 1305 436 me
1338 391 1498 449 venit,

250 461 375 507 Male
402 461 519 507 mihi
551 473 792 523 precatur,
828 474 874 508 et
900 462 1010 508 facit
1036 462 1334 509 convicium:
1563 454 1566 455 ⁷

250 535 332 581 Ait
363 553 456 581 sese
479 536 602 582 illius
632 553 774 599 opera
800 549 946 598 atque
976 537 1190 583 adventu
1213 553 1401 598 caprae,

251 605 504 672 Flagitium
531 621 578 656 et
612 610 845 656 damnum
879 610 1035 657 fecisse
1062 610 1192 657 haud
1215 610 1530 656 mediocriter.

252 681 383 727 Dicit
399 716 412 738 ‚
435 698 620 742 capram
639 717 652 738 ‚
684 699 831 743 quam
863 682 1087 728 dederam
1113 682 1387 729 servandam
1419 681 1536 740 sibi,

253 751 374 799 Suae
405 755 562 799 uxoris
596 754 760 800 dotem
792 754 1124 800 ambadedisse.
1166 755 1350 816 oppido

253 826 376 875 Mihi
399 826 521 872 illud
552 827 700 873 videri
735 827 938 884 mirum,
967 839 1023 873 ut
1051 843 1146 873 una
1171 829 1303 874 illaec
1335 844 1470 889 capra

252 899 420 945 Uxoris
453 900 624 947 Simiae
649 901 814 947 dotem
837 893 1174 947 ambadederit.

251 973 427 1019 Instare
456 961 638 1020 factum
663 974 837 1021 Simia:
872 986 1018 1035 atque
1053 976 1146 1019 hoc
1175 973 1386 1034 denique

253 1045 531 1106 Respondet
546 1082 559 1103 ⁷
582 1048 632 1092 ni
659 1064 912 1108 properem
931 1048 1060 1092 illam
1083 1046 1142 1092 ab
1161 1063 1255 1092 sese
1277 1045 1535 1102 abducere,

249 1119 331 1189 ,Ad
345 1138 424 1166 me
440 1121 643 1168 domum
659 1123 784 1168 intro
800 1122 858 1167 ad
874 1138 1075 1167 uxorem
1090 1121 1349 1167 ducturum
1363 1137 1534 1167 meam.

251 1192 417 1255 Atque
440 1195 623 1256 oppido
640 1231 653 1252 ‚
679 1197 860 1252 hercle,
883 1195 1008 1242 bene
1032 1195 1155 1260 velle
1178 1193 1245 1240 illi
1262 1194 1384 1240 visus
1407 1209 1533 1239 sum:

253 1266 338 1318 Ast
372 1285 473 1314 non
504 1271 677 1315 habere
705 1271 824 1331 quoi
853 1268 1241 1316 commendarem
1270 1284 1469 1328 capram.

254 1341 371 1409 Quo
392 1341 537 1405 magis
552 1376 564 1398 ‚
591 1342 712 1402 quid
736 1341 961 1398 facerem,
991 1358 1100 1387 cura
1122 1340 1358 1387 cruciabar
1383 1338 1536 1384 miser.

254 1414 440 1459 Interea
471 1414 531 1459 ad
557 1431 636 1459 me
666 1414 843 1459 haedus
876 1414 980 1459 visu
998 1415 1050 1458 ’st
1078 1412 1354 1475 aggredirier
1370 1445 1384 1469 ‚

254 1486 369 1532 Infit
399 1487 517 1532 mihi
549 1487 841 1548 praedicare,
872 1502 966 1531 sese
997 1485 1056 1530 ab
1084 1484 1228 1529 Simia

256 1561 457 1622 Capram
485 1560 732 1608 abduxisse
749 1596 762 1618 ‚
797 1571 844 1606 et
875 1559 1034 1621 coepit
1066 1558 1267 1603 inridere
1292 1573 1386 1602 me.

255 1637 357 1700 Ego
375 1637 503 1682 enim
521 1638 699 1700 lugere,
711 1647 857 1697 atque
874 1636 1003 1680 illam
1017 1634 1273 1680 abductam
1290 1631 1536 1692 conqueri.

254 1709 365 1754 Hoc
395 1726 538 1769 quam
569 1709 629 1754 ad
654 1726 755 1755 rem
783 1708 971 1755 credam
1001 1707 1235 1773 pertinere
1263 1704 1534 1760 somnium,

253 1782 460 1843 Nequeo
493 1784 716 1829 invenire.
754 1783 840 1828 nisi
872 1799 1058 1843 capram
1090 1781 1218 1826 illam
1241 1779 1447 1840 suspicor

248 1855 356 1913 Jam
389 1872 467 1899 me
501 1856 729 1900 invenisse
759 1871 882 1914 quae
912 1855 996 1910 sit,
1030 1863 1110 1898 aut
1135 1851 1255 1912 quid
1280 1850 1500 1896 voluerit.

255 1926 334 1973 Ad
367 1937 562 1987 portum
595 1926 706 1971 hinc
734 1926 826 1976 abii
855 1940 995 1970 mane
1025 1940 1136 1969 cum
1162 1923 1258 1968 luci
1283 1923 1437 1967 simul.

254 2001 513 2061 Postquam
541 1998 618 2043 hic
645 1997 694 2042 id
719 1997 856 2058 quod
875 1996 1010 2042 volui
1028 1994 1252 2060 transegi,
1277 2007 1423 2056 atque
1445 2009 1534 2058 ego
1557 2051 1561 2053 q

508 2071 752 2131 conspicor

253 2145 438 2192 Navem
467 2160 527 2190 ex
557 2142 759 2199 Rhodo,
788 2154 881 2203 qua
913 2140 1080 2187 heri’st
1105 2140 1327 2188 advectus
1350 2139 1499 2212 filius,
1538 2158 1544 2165 ·

258 2217 625 2263 Conlibitum'st
654 2215 775 2261 illud
794 2215 942 2271 mihi,
971 2214 1127 2259 nescio
1153 2215 1268 2274 qui,
1295 2214 1462 2258 visere:

250 2290 453 2340 Escendi
480 2290 532 2335 in
563 2289 808 2345 lembum,
841 2299 987 2349 atque
1017 2287 1077 2333 ad
1103 2288 1264 2335 navim
1296 2287 1528 2334 advehor:

503 2374 649 2424 atque
681 2374 768 2426 ego

251 2438 388 2485 Illam
415 2437 654 2499 conspicio
684 2435 835 2483 forma
863 2435 1034 2482 eximia
1063 2434 1312 2481 mulierem
1329 2465 1346 2489 ,
