1618 2866
227 203 324 262 ‘136
604 192 1181 264 EPIDICUS4
1381 207 1508 252 v.43

462 310 1284 353 STRATIPPOCLES.

232 378 405 451 Quid?
437 394 524 442 ego
544 375 695 423 modo
721 374 832 420 huic
861 372 1175 419 frater-factus
1192 406 1206 429 ,
1237 371 1355 417 dum
1384 370 1511 416 intro

486 466 543 496 eo
564 461 708 510 atque
733 447 889 493 exeo?

630 536 660 568 E
697 535 724 566 P
762 534 781 565 1
820 534 855 565 D
891 532 911 564 1
949 532 975 564 c
1017 529 1051 563 U
1089 531 1128 565 s.

232 597 387 667 Quod
415 595 534 643 boni
560 596 615 640 ’st
631 630 644 651 ,
680 594 730 639 id
760 594 925 639 tacitus
951 602 1098 637 taceas
1120 601 1226 636 tute
1255 601 1443 647 tecum,
1465 600 1513 636 et

487 667 700 732 gaudeas.

466 746 1290 786 STRATIPPOCLAES.

232 809 507 868 Perdidisti,
535 821 582 855 et
608 805 815 869 reperisti
845 821 953 862 me,
985 821 1126 851 soror.

636 894 666 926 Ε
705 893 731 927 1³
768 893 787 924 1
826 891 860 922 D
898 890 918 921 1
953 890 979 922 c
1019 889 1052 922 U
1093 889 1131 923 s.

1182 939 1364 987 Stultus
1391 939 1516 986 tace!

237 1016 351 1064 Tibi
376 1014 603 1077 quidem,
629 1013 766 1074 quod
788 1029 941 1071 ames,
970 1014 1104 1060 domi
1130 1024 1313 1076 praesto
1332 1014 1385 1059 'st
1416 1012 1518 1058 fidi-

495 1089 598 1135 cina
615 1123 627 1144 ‚
654 1104 796 1148 opera
826 1105 959 1133 mea:
1217 1088 1225 1097 ’
1314 1079 1318 1083 ’

237 1166 299 1213 Et
316 1181 522 1210 sororem
538 1165 587 1209 in
598 1163 864 1208 libertatem
879 1162 1010 1207 idem
1026 1178 1167 1223 opera
1181 1160 1383 1208 concilio
1396 1175 1516 1207 mea.

461 1254 1290 1290 STRATIPPOCLES.

240 1316 467 1379 Epidice‚
498 1314 659 1360 fateor.

628 1399 657 1430 E
698 1400 726 1432 P
762 1400 782 1431 1
819 1400 854 1432 D
890 1400 909 1431 1
947 1400 973 1431 c
1011 1400 1045 1432 U
1082 1400 1119 1433 s.
1482 1432 1485 1435 .

466 1457 559 1503 Abi
587 1458 712 1503 intro
730 1493 742 1515 ,
767 1475 818 1503 ac
838 1459 959 1520 jube
986 1460 1097 1505 huic
1116 1477 1291 1520 aquam
1308 1452 1517 1507 calefieri.

239 1531 406 1578 Cetera
429 1531 545 1577 haec
563 1531 792 1592 posterius
821 1531 928 1576 faxo
953 1531 1087 1577 scibis
1103 1567 1116 1588 ,
1143 1533 1229 1578 ubi
1245 1534 1331 1578 erit
1349 1533 1515 1579 otium.

462 1624 1292 1660 STRATIPPOCLES.

238 1686 448 1749 Sequete
473 1686 560 1732 hac
584 1703 662 1732 me
677 1721 689 1743 ‚
718 1702 825 1733 mea
846 1681 987 1733 εὸῑοῐ.

626 1773 656 1804 Ε
694 1773 721 1805 Ρ
762 1774 782 1805 1
818 1774 852 1806 D
888 1773 908 1805 1
945 1773 971 1804 c
1010 1772 1044 1804 U
1083 1773 1120 1806 s.

676 1832 777 1896 Ego
797 1832 856 1878 ad
874 1849 957 1879 vos
974 1833 1320 1895 Thesprionem
1339 1834 1517 1897 jussero

241 1907 352 1952 Huc
376 1906 580 1952 transire.
611 1905 691 1950 sed
713 1917 987 1962 memento,
1013 1905 1049 1951 si
1069 1906 1189 1966 quid
1210 1905 1421 1952 saeviunt
1449 1922 1519 1951 se-

492 1992 573 2020 nes
588 2011 602 2031 ‚

239 2044 488 2108 Suppetias
506 2047 626 2091 mihi
652 2064 763 2094 cum
783 2065 938 2096 sorore
962 2051 1093 2097 ferre.

471 2139 1294 2178 STRATIPPOCLES.

1106 2206 1257 2252 Facile
1277 2207 1396 2253 istuc
1420 2207 1518 2254 erit.

626 2285 656 2318 Ε
695 2286 722 2319 1³
757 2285 778 2318 1
814 2287 849 2319 D
886 2287 906 2319 1
947 2287 973 2319 c
1011 2288 1046 2320 U
1084 2289 1122 2323 s.

241 2343 500 2407 Tbesprio‚
540 2345 615 2390 exi
643 2345 752 2391 istac
794 2362 879 2406 per
913 2347 1138 2408 hortum,
1173 2350 1283 2398 affer
1314 2350 1517 2398 domum

500 2415 728 2463 auxilium
751 2417 884 2464 mihj.

1346 2476 1381 2489 χῖ
