1618 2866
222 168 317 215 544
447 116 1248 205 MOSTELLARI-Ass
1380 158 1516 206 viboz

576 262 1159 314 P'nArnrsCUS.

214 327 447 393 Nonajo.
1155 378 1227 387 ⁴,

511 405 1234 441 THEUROPIDES.

376 474 705 544 Quadraginta
737 475 881 522 etiam
905 474 1038 522 dedit
1060 475 1172 522 huic
1199 491 1324 537 quae
1346 488 1498 525 essent

1145 549 1374 614 pignori?

569 641 597 674 P
636 640 671 674 Η
705 641 740 674 A
777 641 809 675 N
847 642 866 675 1
905 642 928 676 s
968 643 995 675 c
1034 642 1070 675 U
1108 642 1176 676 s„

209 701 385 764 Neque
421 701 544 748 illud
572 702 662 766 ajo.
755 757 758 759 ‚

503 795 1225 830 THEUROPIDES.

461 858 582 903 Hei!
610 856 779 918 perdis.

566 958 594 991 P
632 958 666 991 H
705 959 740 991 A
775 959 810 992 N
842 959 863 991 1
901 958 923 992 s
964 959 991 992 c
1034 959 1070 993 U
1107 959 1146 994 s.

590 1027 751 1072 Immo
781 1044 921 1072 suum
949 1038 1135 1090 patrem
1157 1027 1251 1075 illic
1274 1030 1498 1091 perdidit.

498 1126 1230 1161 THEUROPIDES.

203 1189 327 1237 Vera
353 1201 531 1237 cantas:
563 1205 685 1235 vana
706 1190 908 1238 vellem!

562 1289 592 1322 P
633 1289 667 1321 H
705 1290 739 1321 A
775 1289 809 1322 N
844 1289 864 1321 1
903 1289 924 1322 S
965 1289 992 1321 C
1033 1288 1069 1321 U
1106 1287 1146 1322 S.

871 1349 1015 1394 Patris
1047 1349 1226 1396 amicus
1255 1351 1494 1401 videlicet.

497 1447 1219 1482 THEUROPIDES.

199 1510 344 1569 Heu,
379 1508 553 1572 edepol
571 1518 756 1570 patrem
784 1524 897 1555 eum
921 1507 1147 1554 miserum
1165 1509 1423 1569 praedicas!
1485 1554 1497 1565 ,

562 1613 592 1646 P
629 1611 664 1644 H
699 1611 735 1644 A
771 1611 804 1644 N
839 1611 860 1644 I
895 1610 920 1643 S
957 1610 984 1642 C
1023 1609 1058 1642 U
1096 1609 1134 1642 S.

882 1670 1015 1716 Nihil
1043 1671 1137 1716 hoc
1164 1669 1364 1731 quidem
1394 1682 1495 1730 est,

196 1745 416 1811 *Triginta
435 1748 593 1793 minae
607 1782 621 1804 ‚
646 1763 758 1808 prae
779 1762 925 1807 quam
951 1745 1064 1791 alios
1086 1745 1284 1807 dapsiles
1305 1756 1491 1791 sumtus

453 1819 577 1865 facit.

194 1893 407 1940 Perdidit
431 1904 628 1955 patrem.
660 1907 783 1935 unus
806 1890 906 1936 istic
923 1906 1078 1936 servos
1103 1900 1170 1935 est
1194 1906 1488 1938 sacerrumus

196 1966 398 2012 Tranio:
419 1966 454 2012 is
471 1966 550 2012 vel
559 1964 755 2010 Herculi
774 1974 1017 2009 conterere
1034 1973 1283 2023 quaestum
1299 1964 1487 2024 possiet.

193 2040 386 2103 Edepol
410 2056 490 2086 me
510 2040 608 2103 ejus
633 2038 774 2100 patris
799 2037 1009 2084 miseret:
1038 2036 1123 2097 qui
1155 2053 1309 2098 quom
1339 2037 1483 2084 istaec

449 2123 562 2159 sclet

193 2183 334 2231 Facta
365 2186 455 2243 ita,
488 2184 710 2231 amburet
733 2183 903 2229 misero
933 2181 976 2228 ei
1007 2183 1255 2230 corculum
1283 2182 1488 2230 carbun-

449 2260 595 2304 culus.
1383 2274 1388 2278 ·

486 2350 1207 2387 THEUROPIDES.

193 2411 443 2474 Siquidem
470 2413 609 2460 istaec
639 2429 749 2460 vera
770 2422 894 2459 sunt.
