1618 2866
244 219 336 264 114
594 202 1126 254 EPIDICUS.
1394 179 1542 278 παι)

239 309 340 359 Nae
377 320 432 355 tu
461 309 606 355 habes
638 325 828 356 servom
859 310 1171 374 graphicum,
1205 324 1256 360 et
1290 317 1528 377 quantivis

498 381 646 444 preti!
1543 377 1552 386 ⁰

235 457 351 504 Non
382 473 491 502 caru
509 457 563 502 'st
585 472 700 503 auro
724 466 900 503 contra.
939 467 995 503 ut
1017 457 1097 504 ille
1123 459 1365 508 fidicinam

235 530 367 576 Fecit
392 529 569 575 nescire
598 544 812 590 prorsuS,
839 546 886 575 se
916 546 1009 576 esse
1038 543 1216 578 emtam
1249 533 1360 584 tibi!

237 604 309 650 Ita
331 603 640 651 ridibundam
659 614 806 663 atque
829 604 1025 650 hilaram
1042 607 1138 654 huc
1155 606 1358 655 adduxit
1369 609 1524 657 simul.

554 709 584 742 P
620 708 649 740 Ε
686 710 720 743 R
754 709 775 741 Ι
814 710 842 742 Ρ
879 709 913 741 Η
948 709 983 741 Α
1019 711 1053 744 N
1090 711 1120 743 E
1159 711 1197 745 s.

234 778 443 838 Mirum,
463 779 556 824 hoc
583 777 669 839 qui
691 777 854 838 potuit
880 777 1002 823 fieri!
1193 785 1199 787 *

590 877 626 910 A
661 876 690 910 P
727 878 760 912 O
796 878 828 912 E
864 879 892 911 C
926 878 948 911 I
985 878 1021 911 D
1056 878 1088 911 E
1126 877 1164 912 S.

1072 939 1145 985 Te
1175 958 1264 1003 pro
1292 942 1391 990 filio

231 1017 490 1063 Facturum
514 1014 634 1060 dixit
663 1031 769 1060 rem
801 1031 897 1061 esse
929 1013 1142 1061 divinam
1165 1015 1327 1074 dorni,

232 1092 363 1162 Quia
380 1091 558 1138 Thebis
584 1091 731 1138 salvos
757 1090 961 1136 redierit.

557 1189 1197 1226 PERIPHANES.
1475 1177 1524 1211 ’κ

1031 1250 1180 1298 Recte
1208 1250 1391 1303 institit.

593 1352 1167 1387 APOECIDES.'

231 1420 391 1465 Immo
428 1419 553 1480 ipsus
583 1419 652 1465 illi
684 1418 830 1477 dixit,
862 1419 1153 1467 conductam
1182 1437 1275 1467 esse
1303 1437 1438 1480 eam,

232 1493 377 1561 Quae
399 1493 475 1538 hic
505 1492 849 1538 administraret
883 1492 944 1537 ad
969 1509 1072 1538 rem
1107 1493 1320 1540 divinam
1350 1493 1453 1541 tibi.

231 1568 335 1631 Ego
365 1567 461 1612 illic
487 1582 567 1612 me
596 1577 759 1612 autem
784 1567 847 1612 sic
875 1566 1204 1613 assimulabam
1235 1568 1368 1628 quasi

232 1639 475 1686 Stolidum
490 1674 505 1698 ,
534 1656 688 1701 quom
711 1638 915 1693 bardum
937 1656 1016 1685 me
1038 1639 1280 1686 faciebam;

557 1743 587 1775 P
622 1743 652 1774 E
687 1742 722 1775 R
755 1742 778 1774 1
812 1741 841 1774 P
878 1741 912 1774 H
947 1742 982 1775 A
1016 1741 1052 1774 N
1084 1742 1115 1775 E
1153 1741 1193 1776 S.

1102 1802 1262 1848 Immo
1278 1801 1345 1852 ita
1364 1800 1516 1849 decet.

589 1893 1158 1932 APOECIDES.

230 1962 321 2010 Res
348 1977 519 2025 magna
551 1963 690 2010 amici
716 1966 847 2037 apud
879 1966 1040 2013 forum
1062 1967 1225 2030 agitur.
1260 1966 1304 2011 ei
1331 1966 1446 2013 volo

230 2035 304 2081 Ire
331 2034 599 2081 advocatus.

536 2134 1185 2170 PERIPHANES.

618 2203 684 2249 At
707 2221 881 2265 quaeso
895 2240 909 2263 ‚
940 2204 1027 2251 ubi
1053 2204 1140 2251 erit
1163 2206 1347 2266 otium,

231 2277 483 2328 Revortere
506 2277 565 2324 ad
593 2295 672 2324 me
701 2280 959 2340 extemplo.

583 2379 621 2413 A
655 2382 683 2415 P
723 2381 758 2415 0
784 2381 820 2438 p.
857 2382 884 2415 c
918 2382 940 2415 1
975 2382 1012 2415 D
1050 2382 1081 2415 E
1118 2382 1155 2416 s.

971 2452 1220 2500 Continuo
1244 2453 1321 2500 hic
1347 2468 1441 2501 ero.
