1618 2866
1300 0 1309 43 l

57 143 150 191 v.3
213 186 245 218 ⁶
292 123 580 173 ACTUS
626 125 727 174 IV.
783 126 892 174 SC.
942 127 1080 176 VII.
1248 147 1347 196 449

57 238 140 285 Me
164 237 331 284 amoris
358 254 510 284 caussa
535 237 627 282 hoc
661 248 830 283 ornatu
862 238 1093 286 incedere.

57 311 240 360 Verum
267 328 420 373 quom
452 310 630 355 multos
656 311 808 356 multa
831 311 1026 359 admisse
1051 317 1311 378 acceperim

57 383 330 438 Inhonesta,
348 391 544 442 propter
559 392 952 442 amorem„atque
969 383 1117 429 aliena
1133 402 1160 430 a
1177 385 1341 433 bonis:

60 453 234 520 (Mitto
256 456 356 519 jam
370 488 383 510 ‚
414 464 470 499 ut
488 452 641 499 occidi
663 452 865 499 Achilles
891 455 1002 501 civis
1025 473 1179 517 passus
1203 457 1311 522 est.)

59 526 156 573 Sed
186 543 353 572 eccum
378 525 769 583 Palaestrionem,
795 537 884 572 stat
912 543 1025 574 cum
1052 531 1234 577 milite:

61 598 228 645 Oratio
249 598 341 644 alio
374 597 492 643 mihi
521 597 811 643 demutanda
836 599 891 644 ’st
919 616 1038 646 mea.

60 671 233 717 Mulier
260 669 475 733 profecto
504 676 611 715 nata
641 670 695 714 'st
727 685 787 714 ex
814 671 912 732 ipsa
943 689 1090 718 mora.

61 743 186 789 Nam
211 743 401 805 quaevis
431 742 547 800 alia,
573 759 698 804 quae
724 760 857 789 mora
873 745 927 790 ’st
952 762 1103 806 aeque
1119 780 1132 802 ‚
1161 763 1295 792 mora

62 815 222 862 Minor
261 832 314 861 ea
346 815 535 861 videtur
554 849 570 872 ‚
610 831 756 876 quarn
791 832 913 877 quae
940 829 1135 878 propter
1174 818 1347 865 mulie·-

312 903 413 932 1em
432 887 499 931 ’st.

59 958 170 1015 Hoc
203 960 322 1006 adeo
354 961 453 1005 fieri
483 959 624 1004 credo
658 959 1017 1006 consuetudine.

58 1032 184 1078 Nam
209 1028 296 1096 ego
324 1034 445 1078 hanc
468 1048 640 1078 arcesso
663 1032 1073 1080 Philocomasium.
1107 1035 1190 1080 sed
1224 1034 1348 1082 fores

60 1103 276 1150 Pultabo.
304 1104 445 1149 heus!
480 1103 639 1163 ecquis
666 1103 745 1148 hic
778 1104 879 1149 est?

376 1175 682 1228 PALAss
719 1194 1021 1230 STRro.

743 1255 1061 1314 AdulescenS‚
1093 1256 1214 1318 quid
1244 1259 1349 1312 esti’,

63 1328 203 1400 Quid
223 1338 281 1376 tu
311 1328 406 1375 ais?
434 1314 769 1390 quid-pultas?

412 1424 705 1459 PLEus
742 1425 903 1459 IDE
940 1425 978 1459 s.

669 1487 1070 1533 Philocomasium
1100 1488 1346 1568 quaerito,⁴

66 1557 115 1604 A
143 1567 291 1604 matre
313 1557 434 1604 iuius
463 1559 635 1605 venio:
667 1559 704 1603 si
731 1559 853 1605 itura
869 1560 954 1615 ’st‚
988 1570 1086 1603 eat:

71 1629 244 1676 Omnis
268 1643 502 1677 moratur:
537 1631 698 1677 navim
730 1633 945 1694 cupimus
971 1632 1164 1677 solvere.

264 1723 1174 1758 PYRGOPOLINICES.

68 1780 364 1838 Jamdudum
392 1799 463 1828 res
492 1794 648 1844 parata
664 1784 731 1828 ’st.
767 1783 905 1828 heus!
939 1783 1184 1828 Palaestrio
1201 1818 1215 1840 ‚

68 1853 253 1903 Aurum
266 1891 280 1914 ,
302 1869 602 1915 ornamenta,
619 1869 798 1904 vestem
810 1892 825 1915 ,
849 1857 1109 1919 pretiosum
1127 1875 1271 1904 omne
1291 1868 1346 1904 ut

139 1939 143 1941 ’
318 1929 448 1976 ferat.

69 2001 179 2048 Duc
205 2003 437 2067 adjutores
467 2015 630 2050 tecum
656 2003 718 2050 ad
747 2020 838 2049 nav
842 2004 909 2048 im
938 2003 1024 2063 qui
1054 2002 1217 2047 ferant.

75 2075 253 2121 Omnia
272 2079 516 2145 conposita
543 2089 680 2134 sunt,
713 2093 836 2138 quae
866 2076 1071 2132 donavi,
1102 2087 1157 2120 ut
1185 2074 1314 2121 ferat.

118 2188 157 2212 ψ,
391 2169 423 2202 P
459 2170 497 2202 A
529 2170 560 2202 1.
595 2172 630 2203 A
663 2169 694 2202 E
731 2169 754 2201 s
791 2168 823 2200 Τ
857 2169 893 2202 R
928 2168 948 2200 1
985 2167 1033 2199 o.

80 2218 167 2264 Eo.

419 2293 452 2327 ι’
486 2295 518 2328 1.
552 2297 585 2330 Ε
621 2297 658 2329 U
694 2297 717 2329 s
753 2296 774 2328 1
814 2297 852 2328 D
887 2295 918 2329 E
955 2295 995 2331 s.

174 2356 364 2424 Quaeso
379 2387 394 2411 ‚
420 2354 573 2402 hercle
588 2390 604 2415 ,
632 2373 843 2418 propera.

144 2428 234 2476 Vol.
250 2428 316 2474 ll.
1039 2423 1076 2468 F
1098 2422 1124 2467 f
