1618 2866
241 159 341 214 '444
471 148 729 199 MILES
771 147 1263 197 GLORIOSUS.
1396 149 1527 209 v.36

537 269 1246 308 MILPHIDIPPVA.

407 336 635 381 Occlusae
659 347 771 382 sunt
797 335 931 382 fores.

454 414 1359 455 ACROTELEUTIUM.·

915 478 1190 542 Effringam.

539 562 1246 602 MILPHIDIPPA.

1191 623 1532 670 Sananones.

461 704 1334 747 ACROTELEUTI'UM.

244 775 297 822 Si
320 774 492 820 amavit
521 790 782 834 umquam,
811 782 891 816 aut
916 771 953 816 si
985 788 1147 834 parem
1165 770 1440 832 sapientiam
1460 769 1538 814 hic

501 847 645 892 habet
664 863 718 892 ac
748 845 950 891 formam
967 880 981 902 ‚

187 921 189 923 ’
244 922 337 968 Per
355 939 566 968 amorem
585 922 621 966 si
642 920 763 982 quid
778 920 957 977 fecero,
978 919 1202 966 clementi
1221 917 1380 964 animo
1398 917 1532 980 igno*

505 1007 614 1043 scet.

562 1083 592 1116 P
633 1083 667 1116 A
705 1083 735 1115 L
773 1081 806 1123 A
845 1082 875 1116 E
913 1081 934 1115 S
972 1082 1003 1114 T
1038 1080 1074 1114 R
1107 1080 1129 1112 Ῑ
1167 1079 1216 1113 O.

248 1145 342 1203 Ut,
370 1161 544 1207 quaeso
561 1180 576 1202 ,
600 1162 761 1191 amore
783 1143 968 1207 perdita
983 1143 1038 1188 ’st
1053 1142 1167 1188 haec
1192 1138 1379 1187 misera!

454 1231 1372 1275 PYRGOPOLINICES.
1506 1261 1509 1262 ⁷

1215 1293 1446 1339 Mutuum
1473 1288 1541 1334 fit.

585 1383 615 1415 P
653 1381 687 1414 A
723 1382 753 1413 L
791 1380 826 1413 A
860 1382 890 1414 E
930 1380 952 1413 S
989 1380 1020 1413 T
1057 1381 1092 1414 B.
1128 1380 1149 1412 1
1189 1378 1239 1410 Ο.

254 1444 407 1499 Tace,
439 1459 501 1488 ne
524 1442 697 1488 audiat.

549 1518 1260 1559 MILPHIDIPPA.

453 1587 592 1657 Quid
616 1586 795 1647 astitisti
821 1581 1105 1644 obstupida?
1129 1596 1211 1627 cur
1227 1593 1329 1624 non
1354 1576 1541 1639 pultas?

472 1664 1347 1704 ACROTELEUTIUM.

258 1732 388 1802 Quia
413 1748 515 1778 non
531 1743 598 1778 est
616 1732 742 1778 intus
757 1767 771 1789 ,
793 1747 942 1792 quem
959 1744 1048 1793 ego
1066 1728 1195 1774 volo.

585 1826 615 1857 P
652 1824 688 1856 A
722 1824 753 1856 1.
790 1823 824 1854 A
858 1822 888 1854 E
926 1822 948 1855 s
985 1821 1017 1854 Τ
1052 1822 1086 1855 R
1121 1821 1143 1853 1
1179 1820 1227 1853 o.

1001 1879 1234 1949 Quiscis?

471 1961 1348 2001 ACROTE'LEUTIUM.

1083 2021 1189 2068 Scio
1217 2020 1414 2083 edepol,
1435 2021 1546 2068 scio.·

259 2103 385 2148 Nam
411 2101 559 2148 odore
585 2116 752 2146 nasum
782 2097 976 2153 sentiat,
1007 2097 1042 2141 si
1067 2096 1193 2141 intus
1220 2095 1318 2140 siet.

457 2180 1361 2219 PYRGOPOLINICES.
1615 2226 1618 2228 q

1293 2240 1543 2303 Ariolatur.
1610 2250 1618 2297 f

255 2320 393 2390 ¹Quia
415 2336 494 2368 me
524 2329 679 2374 amat,
713 2328 964 2380 propterea
994 2316 1156 2364 Venus
1186 2315 1296 2361 fecit
1328 2329 1465 2369 eam,
1487 2320 1546 2354 ut
1616 2335 1618 2338 .

514 2393 759 2439 divinaret.
