1618 2866
77 215 213 268 aas
376 203 671 254 ACTUS
721 202 1061 251 1.SC.111.
1258 218 1350 266 573

78 313 176 360 Ubi
201 323 310 358 sunt
342 311 628 373 magistratus
646 343 660 366 ,
691 323 809 370 quos
836 323 995 354 curare
1028 317 1239 369 oporteat
1254 307 1278 353 Ξ)

79 385 221 431 Nunc
251 385 343 429 huc
374 383 607 440 introibo,
634 382 779 429 visam
803 382 1033 427 hesternas
1064 381 1279 441 reliquias
1297 414 1315 438 ,

80 459 359 528 Quieverint
393 469 550 514 recte,
579 471 752 502 necne:
785 471 905 500 num
931 453 1122 500 infuerit
1157 454 1323 512 febris,

79 533 348 593 Opertaene
380 529 582 587 fuerint,
616 545 677 574 ne
704 528 807 589 quis
830 527 1157 590 obreptaverit.

78 605 174 652 Sed
202 604 473 667 aperiuntur
495 563 664 660 aedeS,
696 601 1012 648 remorandu'
1015 611 1057 646 st
1082 600 1265 666 gradus.

415 752 798 800 SCENA
880 752 1037 799 III.

213 895 702 934 TOXILUS‚
772 893 1234 930 SATURIO.

500 1018 949 1055 TOXILUS.

85 1071 385 1184 ΟΜΝΕΜ
416 1149 518 1179 rem
548 1132 737 1190 inveni,
770 1145 825 1179 ut
854 1150 935 1180 sua
957 1134 1042 1179 sibi
1077 1136 1280 1196 pecunia

82 1206 243 1253 Hodie
277 1205 405 1250 illam
437 1203 571 1249 faciat
602 1204 711 1249 leno
742 1204 960 1250 libertam
988 1221 1133 1251 suam.

83 1278 181 1325 Sed
197 1293 362 1341 ecgum
375 1276 645 1338 parasitum,
664 1277 833 1339 quojus
849 1277 963 1322 mihi
980 1278 1156 1323 auxilio
1166 1277 1221 1322 'st
1234 1293 1362 1339 opus.

83 1350 327 1397 Simulabo
354 1348 482 1409 quasi
505 1363 604 1394 non
633 1349 821 1395 videam
837 1382 852 1406 ‚
895 1348 958 1396 ita
977 1349 1173 1395 alliciam
1201 1349 1368 1394 virum.

86 1423 256 1468 Curate
284 1422 382 1468 istic
410 1438 493 1466 vos
506 1455 520 1477 ,
548 1432 691 1481 atque
720 1432 1026 1482 approperate
1057 1422 1197 1467 ocius,

86 1495 163 1542 Ne
188 1495 308 1542 mihi
335 1510 501 1541 morae
524 1493 581 1540 sit
603 1494 869 1555 quidquam
883 1528 898 1551 ,
927 1494 1013 1539 ubi
1033 1509 1121 1560 ego
1143 1494 1266 1540 intro
1280 1495 1366 1540 ad-

336 1585 521 1614 venero.

84 1642 330 1688 Conmisce
347 1642 555 1686 mulsum
567 1658 578 1690 ;
602 1641 806 1686 struthea
827 1640 1143 1699 colutheaque
1166 1656 1363 1700 appara,

84 1714 212 1761 Bene
234 1726 290 1760 ut
313 1716 364 1759 in
385 1714 545 1759 scutris
571 1715 842 1760 concaleant
856 1748 870 1771 ,
896 1726 943 1759 et
964 1715 1197 1759 calamum
1214 1714 1362 1777 injice.

79 1786 188 1846 Jam
212 1787 296 1847 pol
320 1785 400 1831 ille
435 1785 510 1831 hic
542 1785 691 1831 aderit
708 1819 723 1844 ,
758 1786 933 1843 credo,
966 1802 1191 1851 congerro
1220 1802 1362 1832 meus.

509 1868 532 1901 S
568 1868 604 1901 A
638 1869 670 1901 Τ
706 1868 742 1901 U
776 1871 810 1903 R
844 1871 867 1903 1
902 1870 951 1903 0.

86 1929 168 1978 Me
191 1930 332 1988 dicit,
360 1930 500 1992 euge!

504 2014 537 2047 Τ
576 2015 610 2048 Ο
647 2015 684 2048 X
718 2015 740 2048 1
775 2016 807 2049 L
841 2014 878 2048 U
912 2016 950 2049 S.

520 2073 729 2119 Lautum
758 2074 903 2120 credo
928 2091 955 2119 a
978 2073 1154 2119 balneis

87 2142 195 2203 Jam
219 2141 295 2187 hic
316 2144 583 2190 affuturum.

502 2228 526 2261 S
563 2227 599 2260 A
633 2228 665 2260 T
702 2227 738 2260 U
771 2229 806 2261 R
836 2227 859 2260 1
897 2228 947 2260 Ο.

568 2285 634 2331 Ut
660 2285 827 2331 ordine
858 2300 1052 2333 omnem
1079 2302 1181 2334 rem
1205 2288 1361 2337 tenet?

441 2388 444 2391 >
504 2371 538 2404 Τ
575 2372 608 2405 Ο
646 2372 684 2405 Χ
715 2372 739 2404 1
772 2372 805 2405 L
840 2372 875 2407 U
909 2371 944 2404 S.

0 2447 1 2458 ¹
31 2477 34 2480 ,
91 2428 303 2494 Collyrae
327 2428 463 2477 facite
491 2441 547 2477 ut
572 2432 795 2480 madeant
825 2443 872 2480 et
902 2432 1144 2494 colliphia:
