1618 2866
82 196 220 245 v.6t
378 193 667 242 ACTUS
715 194 794 241 11.
852 191 950 242 SC.
999 193 1088 241 11:
1261 208 1358 253 505

539 312 926 348 TRANIO.

728 376 814 422 Ita.
846 375 928 422 sed
955 374 1162 421 ausculta
1193 371 1359 421 modo.

85 447 167 496 Ait
191 448 328 495 inum
349 450 444 496 hoc
468 460 609 511 pacto
637 448 726 495 sibi
753 448 919 494 dixisse
953 459 1214 494 mortuum.

379 543 1092 580 THEUROPIDES.

88 602 385 650 Insomnis?
895 652 899 660 ¹

539 676 933 712 TRAnro.

398 738 576 785 Mirum
608 737 728 799 quin
756 736 969 801 vigilanti
1001 735 1223 793 diceret,-
1295 762 1298 764 ·

92 811 196 880 Qui
226 811 397 858 abhinc
423 812 660 876 sexaginta
683 810 814 857 annis
848 810 1025 856 occisus
1053 809 1190 856 foret.

88 883 335 930 Interdum
362 884 524 945 inepte
555 885 725 930 stultus
768 900 828 929 es,

379 979 1090 1013 THEUROPIDES.

90 1032 265 1081 Taceo.

539 1108 572 1140 Τ
606 1109 641 1141 R
676 1107 711 1141 A
746 1108 779 1141 N
815 1108 837 1140 I
875 1107 925 1140 O.

283 1167 379 1214 Sed
410 1184 517 1214 ecce
550 1184 673 1228 quae
703 1167 782 1212 ille
817 1166 1005 1228 inquit:

90 1240 194 1305 Ego
227 1241 559 1286 transmarinus
583 1240 750 1301 hospes
775 1256 882 1286 sum
907 1239 1207 1302 Diapontius.

90 1313 185 1359 Hic
214 1313 393 1360 habito.
427 1314 541 1359 haec
574 1313 694 1358 mihi
722 1312 882 1358 dedita
909 1314 963 1358 ’st
996 1313 1238 1359 habitatio.

92 1385 219 1432 Nam
240 1402 320 1432 me
347 1386 670 1432 Acheruntem
698 1385 903 1446 recipere
926 1385 1077 1432 Orcus
1102 1386 1289 1443 noluit,

91 1458 220 1528 Quia
250 1469 544 1520 praemature
568 1458 665 1505 vita
690 1474 839 1504 careo.
879 1475 964 1520 per
996 1460 1144 1505 fidem

88 1532 329 1594 Deceptus
354 1548 459 1578 sum
476 1566 491 1589 ,
517 1532 683 1595 hospes
703 1532 781 1578 hic
800 1549 878 1577 me
897 1533 1109 1589 necavit,
1133 1532 1268 1592 isque
1286 1548 1365 1578 me

88 1604 289 1651 Defodit
301 1604 595 1665 insepultum
612 1606 732 1650 clam
746 1604 928 1649 ibidem
944 1605 994 1649 in
1011 1605 1134 1650 hisce
1152 1603 1366 1661 aedibu5‚

89 1678 316 1725 Scelestus
340 1678 441 1725 auri
463 1693 630 1725 caussa.
662 1693 794 1723 nunc
823 1687 878 1722 tu
902 1677 1014 1723 hinc
1047 1677 1236 1740 emigra.

88 1750 316 1798 Scelestae
346 1751 434 1796 hae
466 1760 576 1796 sunt
605 1749 740 1795 aedes
755 1783 769 1807 ‚
794 1749 921 1810 inpia
943 1750 998 1794 ’st
1027 1749 1269 1795 habitatio.

91 1825 229 1893 Quae
252 1823 329 1869 hic
348 1833 556 1868 monstra
573 1821 714 1878 fiunt,
731 1837 859 1868 anno
876 1822 959 1868 vix
975 1837 1169 1883 possum
1186 1820 1363 1881 eloqui.

90 1895 144 1943 St
160 1931 176 1954 ‚
210 1896 280 1942 st!
788 1942 791 1944 ,

382 1979 1094 2015 THEUROPIDES.

221 2040 358 2109 Quid
370 2074 385 2098 ‚
415 2040 610 2086 obsecro
627 2074 640 2096 ,
670 2041 827 2087 hercle
846 2039 1024 2085 factum
1039 2040 1094 2084 ’st
1108 2039 1131 2083 ?

490 2140 922 2198 xTRANIO.

923 2199 1212 2262 Concrepuit
1242 2199 1364 2246 foris.

96 2260 293 2308 Hiccine
319 2265 572 2324 percussit?

384 2354 1093 2391 THEUROPIDES.

552 2417 752 2465 Guttam
775 2414 906 2466 haud
931 2417 1085 2466 habeo
1110 2416 1365 2482 sanguinis,
