1618 2866
226 185 322 219 ⁴222
485 165 1225 217 MENAECHMEI.
1384 187 1508 220 ναι

227 277 364 323 Hero
401 286 456 322 ut
491 273 717 323 omnibus
752 273 804 320 in
835 272 950 319 locis
984 272 1071 319 sim
1100 284 1298 335 praesto.

226 348 386 406 Servi,
417 349 502 409 qui
538 348 677 408 culpa
705 358 864 396 carent
882 381 896 404 ,
928 358 976 395 et
999 357 1251 399 metuunt;
1277 348 1310 393 ii

226 421 395 467 Solent
419 438 511 467 esse
539 421 658 466 heris
692 420 894 466 utibiles.
927 436 1039 465 nam
1062 419 1131 464 illi
1149 452 1163 476 ,
1194 420 1279 480 qui
1306 421 1427 467 nihil

195 497 201 504 ’
228 497 490 552 Metuunt‚
523 506 784 555 postquam
825 495 1008 540 malum
1050 491 1368 556 promeritum
1413 505 1514 553 est,

484 579 727 614 metuunt.
1230 558 1241 564 ”

229 642 446 688 Metuam
474 641 604 686 haud
640 643 865 686 multum.
894 656 1044 702 prope
1069 651 1166 698 est,
1195 640 1392 702 quando

230 715 413 772 Herus,
446 713 583 775 quod
612 726 802 760 strenue
829 713 995 759 faciam
1012 748 1026 771 ‚
1050 714 1261 775 pretium
1293 715 1516 761 exsolvet.

229 789 304 835 Eo
331 788 552 849 exemplo
575 788 751 845 servio,
779 787 896 851 tergi
915 798 969 832 ut
993 787 1041 831 in
1066 803 1168 832 rem
1190 804 1283 833 esse
1303 787 1514 834 arbitror.

229 862 492 923 Postquam
522 862 573 908 in
602 862 849 912 tabernam
888 877 992 910 vasa
1033 872 1080 907 et
1116 878 1269 909 servos
1298 863 1518 909 conloca·

430 959 431 962 ¹
483 936 563 993 vi,
594 947 650 982 ut
676 937 901 1000 jusserat,

233 1012 306 1056 Ita
327 1010 471 1057 venio
505 1009 774 1056 advorsum.
811 1025 944 1056 nunc
969 1009 1079 1057 foris
1105 1009 1335 1072 pultabo,
1364 1009 1520 1057 adesse

441 1103 443 1106 ¹
487 1093 544 1130 ut
573 1099 652 1128 me
678 1083 815 1141 sciat,

235 1157 399 1220 Atque
438 1169 494 1204 ut
532 1175 644 1204 eum
682 1174 743 1204 ex
774 1159 868 1204 hoc
902 1159 1022 1205 saltu
1056 1157 1220 1204 damni
1253 1158 1433 1204 salvom
1462 1167 1520 1202 ut

495 1232 699 1278 educam
730 1231 864 1279 foras.
1165 1246 1167 1251 ’
1532 1235 1540 1242 “

238 1306 332 1354 Sed
357 1317 554 1362 metuo,
582 1321 644 1350 ne
669 1321 768 1350 sero
787 1305 1003 1362 veniam,
1030 1303 1304 1368 depugnato
1322 1303 1522 1366 proelio.

559 1443 595 1489 S
648 1441 686 1488 C
731 1441 775 1487 E
822 1441 961 1507 ΝΑ
1043 1441 1203 1486 VJJ.

304 1570 598 1607 SENEX,
646 1569 1173 1606 MENAECHMUS
1205 1570 1456 1623 surreptum

450 1639 1316 1704 LORARII,KMESSEN*10.

729 1795 1038 1829 SENEX.

241 1851 416 1962 PER
459 1930 547 1979 ego
571 1913 707 1960 vobis
732 1912 861 1959 Deos
883 1922 1028 1972 atque
1058 1909 1276 1956 homines
1301 1909 1409 1956 dico
1423 1943 1438 1968 ,
1460 1921 1520 1957 ut
1595 1971 1597 1973 ,

494 2003 751 2049 rmpenum
780 2001 948 2031 meum

241 2062 483 2124 Sapienter
509 2061 716 2107 habeatis
755 2075 891 2106 curae
912 2093 925 2116 ,
962 2074 1084 2119 quae
1115 2057 1343 2119 imperavi
1372 2067 1523 2118 atque
1588 2103 1590 2105 ,

492 2133 677 2194 impero
698 2167 711 2189 ‚
784 2143 796 2155 ·
1583 2183 1586 2186 ⁴

240 2201 396 2250 Facite
415 2199 508 2249 illic
534 2200 682 2247 homo
702 2199 803 2262 jam
824 2197 874 2247 in
895 2194 1184 2242 medicinam
1210 2194 1390 2242 ablatus
1412 2194 1525 2240 sub-

495 2273 618 2318 limis
651 2272 764 2328 siet,
1577 2318 1582 2322 ,

243 2319 342 2393 Nisi
382 2345 582 2408 quidem
618 2361 702 2390 vos
733 2355 887 2390 vostra
932 2360 1064 2390 crura
1099 2353 1183 2388 aut
1213 2342 1354 2389 latera
1371 2336 1522 2385 nihili
1578 2359 1579 2362 ¹

499 2418 716 2482 penditis.
