1618 2866
240 191 333 257 358
459 186 711 245 MILES
756 184 1262 242 GLORIOSUS.
1427 202 1524 256 ἰχ

598 307 1177 345 SCELEDRUS.

236 364 421 413 Metuo.

559 438 1201 474 PALAESTRIO.

306 501 445 575 Quid
468 501 673 547 metuis?

602 589 624 621 S
661 589 688 621 C
725 589 755 622 E
790 588 821 623 L
856 589 887 622 E
923 589 959 622 D
997 589 1030 622 R
1065 587 1101 621 U
1139 587 1180 622 S.

341 650 415 696 Ne
431 651 587 696 hercle
607 648 751 696 hodie
766 684 779 707 ,
797 661 1034 710 quantum
1055 648 1131 694 hic
1147 646 1446 707 familiarium
1455 647 1531 711 'st-9

243 723 533 772 Maxumum
555 724 607 769 in
633 725 815 770 malum
842 724 1104 770 cruciatum
1122 721 1391 768 insiliamus.

560 817 1205 852 PALAESTRIO.

1347 868 1535 914 Tusali

248 945 410 996 Solus:
443 962 557 992 nam
580 962 668 1010 ego
698 945 834 991 istam
857 945 1140 992 insulturam
1171 955 1220 992 et
1241 944 1532 991 desulturam

502 1019 623 1064 nihil
646 1019 722 1064 hic
750 1035 926 1065 moror.

609 1114 632 1147 s
676 1114 703 1146 c
741 1114 771 1146 Ε
807 1114 837 1146 L
873 1114 904 1146 E
941 1114 976 1146 D
1013 1114 1046 1147 R
1083 1112 1118 1145 U
1154 1111 1193 1146 s.

249 1172 408 1221 Nescis
436 1186 491 1225 tu
526 1175 748 1233 fortasse,
787 1176 919 1238 apud
955 1192 1042 1222 nos
1070 1174 1250 1222 facinus
1284 1171 1421 1236 quod
1455 1186 1536 1219 na·-

510 1260 618 1296 tum
635 1249 688 1295 'st
714 1265 912 1296 novom.

569 1344 1211 1377 PALAESTRIO.

254 1403 412 1473 Quod
440 1403 491 1450 id
519 1415 586 1450 est
614 1404 824 1450 facinus?

613 1489 636 1523 s
673 1489 699 1521 C
736 1488 766 1521 E
801 1487 832 1521 L
870 1489 900 1521 Ε
936 1490 971 1522 D
1007 1490 1042 1522 R
1078 1488 1114 1522 U
1151 1487 1190 1522 S.

709 1549 1017 1612 Inpudicum.

561 1643 1213 1686 PALAESTRIO.

967 1705 1097 1751 Tute
1121 1703 1204 1750 scis
1227 1702 1315 1749 soli
1339 1712 1389 1750 te
1420 1701 1509 1748 tibi
1522 1733 1540 1760 ,

253 1770 375 1816 Mihi
395 1786 458 1816 ne
493 1770 641 1827 dixis,
670 1771 782 1817 scire
814 1772 945 1817 nolo.

611 1863 634 1898 s
673 1867 700 1898 c
743 1866 772 1898 E
810 1866 839 1898 L
874 1866 905 1897 Ε.
941 1867 976 1897 D
1013 1866 1046 1898 R
1083 1865 1118 1897 U
1156 1864 1193 1898 s.

744 1925 855 1972 Non
887 1925 1015 1971 enim
1040 1924 1235 1980 faciam,
1269 1922 1390 1983 quin
1417 1921 1538 1966 scias.

257 2000 452 2048 Simiam
486 1998 631 2044 hodie
665 2015 773 2053 sum
807 2010 1005 2045 sectatus
1045 2009 1254 2044 nostram
1286 1995 1338 2041 in
1363 1995 1541 2042 horum
1608 2007 1614 2009 ’

508 2072 690 2137 tegulis,

570 2160 598 2192 P
636 2159 670 2191 A
707 2158 738 2192 1.
776 2157 825 2193 A
843 2157 873 2190 Ε
912 2157 934 2191 s
971 2157 1002 2191 T
1038 2158 1071 2191 R
1107 2157 1127 2188 1
1166 2156 1216 2188 o.

256 2222 467 2284 Edepol,
490 2219 732 2276 Sceledre,
756 2220 905 2265 homo
925 2228 1101 2264 sectatu
1117 2218 1149 2262 's
1172 2215 1310 2262 nihili
1327 2228 1539 2301 nequam

509 2293 719 2338 bestiam.

615 2378 637 2412 S
675 2379 703 2410 C
739 2377 769 2411 E
803 2376 835 2410 L
871 2377 901 2409 E
938 2376 974 2409 D
1011 2375 1045 2409 R
1081 2374 1116 2408 U
1152 2374 1191 2408 S.

254 2444 339 2503 Dii
367 2454 416 2490 te
444 2441 647 2505 pexdant-
664 2441 675 2488 !
