<?xml version="1.0" encoding="UTF-8"?>
<!DOCTYPE html PUBLIC "-//W3C//DTD XHTML 1.0 Transitional//EN"
    "http://www.w3.org/TR/xhtml1/DTD/xhtml1-transitional.dtd">
<html xmlns="http://www.w3.org/1999/xhtml" xml:lang="en" lang="en">
 <head>
  <title>
</title>
<meta http-equiv="Content-Type" content="text/html;charset=utf-8" />
  <meta name='ocr-system' content='tesseract 3.04.00' />
  <meta name='ocr-capabilities' content='ocr_page ocr_carea ocr_par ocr_line ocrx_word'/>
</head>
<body>
  <div class='ocr_page' id='page_1' title='image "./comoediaesuperst02plauuoft_0525.png"; bbox 0 0 1618 2866; ppageno 0'>
   <div class='ocr_carea' id='block_1_1' title="bbox 57 210 1337 288">
    <p class='ocr_par' dir='ltr' id='par_1_1' title="bbox 57 210 1337 288">
     <span class='ocr_line' id='line_1_1' title="bbox 57 210 1337 288; baseline -0.003 -24"><span class='ocrx_word' id='word_1_1' title='bbox 57 229 222 279; x_wconf 49' lang='grc' dir='ltr'><strong>*ειη</strong></span> <span class='ocrx_word' id='word_1_2' title='bbox 337 211 630 264; x_wconf 76' lang='lat' dir='ltr'><strong>&#39;ACTUS</strong></span> <span class='ocrx_word' id='word_1_3' title='bbox 678 210 1055 264; x_wconf 14' lang='lat' dir='ltr'>111.Sc.*1.</span> <span class='ocrx_word' id='word_1_4' title='bbox 1242 226 1337 288; x_wconf 69' lang='lat'><strong>517¹</strong></span> 
     </span>
    </p>
   </div>
   <div class='ocr_carea' id='block_1_2' title="bbox 55 318 1335 518">
    <p class='ocr_par' dir='ltr' id='par_1_2' title="bbox 55 318 1335 518">
     <span class='ocr_line' id='line_1_2' title="bbox 57 318 1335 385; baseline -0.002 -15"><span class='ocrx_word' id='word_1_5' title='bbox 57 323 186 370; x_wconf 88' lang='lat' dir='ltr'><strong>Hinc</strong></span> <span class='ocrx_word' id='word_1_6' title='bbox 211 324 405 380; x_wconf 87' lang='lat' dir='ltr'><strong>sumsit,</strong></span> <span class='ocrx_word' id='word_1_7' title='bbox 438 339 554 384; x_wconf 86' lang='lat' dir='ltr'><strong>quas</strong></span> <span class='ocrx_word' id='word_1_8' title='bbox 584 322 627 368; x_wconf 87' lang='lat' dir='ltr'><strong>ei</strong></span> <span class='ocrx_word' id='word_1_9' title='bbox 653 320 884 368; x_wconf 74' lang='lat' dir='ltr'><strong>dedimus.</strong></span> <span class='ocrx_word' id='word_1_10' title='bbox 911 321 1041 367; x_wconf 86' lang='lat' dir='ltr'><strong>satin’</strong></span> <span class='ocrx_word' id='word_1_11' title='bbox 1074 318 1335 385; x_wconf 78' lang='lat' dir='ltr'><strong>intellegis?</strong></span> 
     </span>
     <span class='ocr_line' id='line_1_3' title="bbox 55 393 1335 460; baseline -0.003 -15"><span class='ocrx_word' id='word_1_12' title='bbox 55 397 179 444; x_wconf 87' lang='lat' dir='ltr'><strong>Nam</strong></span> <span class='ocrx_word' id='word_1_13' title='bbox 199 409 457 460; x_wconf 86' lang='lat' dir='ltr'><strong>postquam</strong></span> <span class='ocrx_word' id='word_1_14' title='bbox 475 399 616 444; x_wconf 86' lang='lat' dir='ltr'><strong>haece</strong></span> <span class='ocrx_word' id='word_1_15' title='bbox 632 396 768 443; x_wconf 89' lang='lat' dir='ltr'><strong>aedes</strong></span> <span class='ocrx_word' id='word_1_16' title='bbox 783 396 848 441; x_wconf 87' lang='lat' dir='ltr'><strong>ita</strong></span> <span class='ocrx_word' id='word_1_17' title='bbox 868 405 1014 452; x_wconf 88' lang='lat' dir='ltr'><strong>erant,</strong></span> <span class='ocrx_word' id='word_1_18' title='bbox 1032 405 1089 442; x_wconf 90' lang='lat' dir='ltr'><strong>ut</strong></span> <span class='ocrx_word' id='word_1_19' title='bbox 1109 393 1209 442; x_wconf 83' lang='lat' dir='ltr'><strong>dixi</strong></span> <span class='ocrx_word' id='word_1_20' title='bbox 1228 394 1335 454; x_wconf 86' lang='lat' dir='ltr'><strong>tibi,</strong></span> 
     </span>
     <span class='ocr_line' id='line_1_4' title="bbox 55 468 1077 518; baseline -0.004 -1"><span class='ocrx_word' id='word_1_21' title='bbox 55 469 302 518; x_wconf 87' lang='lat' dir='ltr'>Continuo</span> <span class='ocrx_word' id='word_1_22' title='bbox 338 481 406 516; x_wconf 89' lang='lat' dir='ltr'><strong>est</strong></span> <span class='ocrx_word' id='word_1_23' title='bbox 434 470 540 516; x_wconf 83' lang='lat' dir='ltr'><strong>alias</strong></span> <span class='ocrx_word' id='word_1_24' title='bbox 565 469 689 516; x_wconf 84' lang='lat' dir='ltr'><strong>aedis</strong></span> <span class='ocrx_word' id='word_1_25' title='bbox 718 480 948 515; x_wconf 86' lang='lat' dir='ltr'><strong>mercatus</strong></span> <span class='ocrx_word' id='word_1_26' title='bbox 974 468 1077 514; x_wconf 86' lang='lat' dir='ltr'><strong>sibi.</strong></span> 
     </span>
    </p>
   </div>
   <div class='ocr_carea' id='block_1_3' title="bbox 352 560 1061 599">
    <p class='ocr_par' dir='ltr' id='par_1_3' title="bbox 352 560 1061 599">
     <span class='ocr_line' id='line_1_5' title="bbox 352 560 1061 599; baseline -0.006 0"><span class='ocrx_word' id='word_1_27' title='bbox 352 560 1061 599; x_wconf 78' lang='lat' dir='ltr'><strong>THEUROPIDES.</strong></span> 
     </span>
    </p>
   </div>
   <div class='ocr_carea' id='block_1_4' title="bbox 52 623 1337 1058">
    <p class='ocr_par' dir='ltr' id='par_1_4' title="bbox 52 623 1337 1058">
     <span class='ocr_line' id='line_1_6' title="bbox 56 623 592 671; baseline -0.004 0"><span class='ocrx_word' id='word_1_28' title='bbox 56 623 186 671; x_wconf 90' lang='lat' dir='ltr'><strong>Bene</strong></span> <span class='ocrx_word' id='word_1_29' title='bbox 211 625 369 671; x_wconf 80' lang='lat' dir='ltr'><strong>hercle</strong></span> <span class='ocrx_word' id='word_1_30' title='bbox 398 624 592 671; x_wconf 88' lang='lat' dir='ltr'><strong>factum.</strong></span> 
     </span>
     <span class='ocr_line' id='line_1_7' title="bbox 469 704 917 744; baseline -0.011 0"><span class='ocrx_word' id='word_1_31' title='bbox 469 711 506 744; x_wconf 92' lang='lat' dir='ltr'>D</span> <span class='ocrx_word' id='word_1_32' title='bbox 542 709 579 743; x_wconf 85' lang='lat' dir='ltr'>A</span> <span class='ocrx_word' id='word_1_33' title='bbox 613 708 648 742; x_wconf 99' lang='lat' dir='ltr'>N</span> <span class='ocrx_word' id='word_1_34' title='bbox 682 709 703 742; x_wconf 93' lang='lat'>1</span> <span class='ocrx_word' id='word_1_35' title='bbox 740 707 762 741; x_wconf 91' lang='lat' dir='ltr'>S</span> <span class='ocrx_word' id='word_1_36' title='bbox 799 707 833 740; x_wconf 81' lang='lat'><strong>⁰1·</strong></span> <span class='ocrx_word' id='word_1_37' title='bbox 867 704 917 739; x_wconf 84' lang='lat' dir='ltr'><strong>A.</strong></span> 
     </span>
     <span class='ocr_line' id='line_1_8' title="bbox 580 763 1337 832; baseline -0.001 -17"><span class='ocrx_word' id='word_1_38' title='bbox 580 763 737 826; x_wconf 76' lang='lat' dir='ltr'><strong>HeuS,</strong></span> <span class='ocrx_word' id='word_1_39' title='bbox 762 768 862 832; x_wconf 77' lang='lat' dir='ltr'><strong>jam</strong></span> <span class='ocrx_word' id='word_1_40' title='bbox 893 766 1074 829; x_wconf 88' lang='lat' dir='ltr'><strong>appetit</strong></span> <span class='ocrx_word' id='word_1_41' title='bbox 1105 766 1337 814; x_wconf 77' lang='lat' dir='ltr'><strong>meridies,</strong></span> 
     </span>
     <span class='ocr_line' id='line_1_9' title="bbox 509 852 887 888; baseline -0.011 0"><span class='ocrx_word' id='word_1_42' title='bbox 509 855 541 888; x_wconf 83' lang='lat' dir='ltr'>T</span> <span class='ocrx_word' id='word_1_43' title='bbox 575 855 610 888; x_wconf 80' lang='lat' dir='ltr'>R</span> <span class='ocrx_word' id='word_1_44' title='bbox 643 854 677 888; x_wconf 83' lang='lat' dir='ltr'>A</span> <span class='ocrx_word' id='word_1_45' title='bbox 712 853 746 887; x_wconf 79' lang='lat' dir='ltr'>N</span> <span class='ocrx_word' id='word_1_46' title='bbox 780 853 802 886; x_wconf 93' lang='lat'>1</span> <span class='ocrx_word' id='word_1_47' title='bbox 839 852 887 885; x_wconf 92' lang='lat' dir='ltr'><strong>o.</strong></span> 
     </span>
     <span class='ocr_line' id='line_1_10' title="bbox 55 909 1333 976; baseline -0.004 -14"><span class='ocrx_word' id='word_1_48' title='bbox 55 914 263 962; x_wconf 88' lang='lat' dir='ltr'><strong>Absolve</strong></span> <span class='ocrx_word' id='word_1_49' title='bbox 278 915 410 962; x_wconf 91' lang='lat' dir='ltr'><strong>hunc</strong></span> <span class='ocrx_word' id='word_1_50' title='bbox 425 931 597 976; x_wconf 83' lang='lat' dir='ltr'><strong>quaeso</strong></span> <span class='ocrx_word' id='word_1_51' title='bbox 610 913 877 967; x_wconf 85' lang='lat' dir='ltr'><strong>vomitum,</strong></span> <span class='ocrx_word' id='word_1_52' title='bbox 894 926 955 956; x_wconf 92' lang='lat' dir='ltr'><strong>ne</strong></span> <span class='ocrx_word' id='word_1_53' title='bbox 970 909 1048 957; x_wconf 89' lang='lat' dir='ltr'><strong>hic</strong></span> <span class='ocrx_word' id='word_1_54' title='bbox 1063 925 1150 957; x_wconf 92' lang='lat' dir='ltr'><strong>nos</strong></span> <span class='ocrx_word' id='word_1_55' title='bbox 1165 910 1333 957; x_wconf 56' lang='lat' dir='ltr'><strong>enicem</strong></span> 
     </span>
     <span class='ocr_line' id='line_1_11' title="bbox 52 984 1201 1058; baseline -0.003 -24"><span class='ocrx_word' id='word_1_56' title='bbox 52 989 274 1058; x_wconf 70' lang='lat' dir='ltr'><strong>Quatuor</strong></span> <span class='ocrx_word' id='word_1_57' title='bbox 306 988 613 1052; x_wconf 81' lang='lat' dir='ltr'><strong>quadraginta</strong></span> <span class='ocrx_word' id='word_1_58' title='bbox 642 987 710 1032; x_wconf 85' lang='lat' dir='ltr'><strong>illi</strong></span> <span class='ocrx_word' id='word_1_59' title='bbox 742 985 979 1031; x_wconf 80' lang='lat' dir='ltr'><strong>debentur</strong></span> <span class='ocrx_word' id='word_1_60' title='bbox 1009 984 1201 1042; x_wconf 84' lang='lat' dir='ltr'><strong>minae,</strong></span> 
     </span>
    </p>
   </div>
   <div class='ocr_carea' id='block_1_5' title="bbox 54 1061 1328 1262">
    <p class='ocr_par' dir='ltr' id='par_1_5' title="bbox 54 1061 1314 1262">
     <span class='ocr_line' id='line_1_12' title="bbox 54 1061 494 1109; baseline -0.005 0"><span class='ocrx_word' id='word_1_61' title='bbox 54 1061 121 1109; x_wconf 86' lang='lat' dir='ltr'><strong>Et</strong></span> <span class='ocrx_word' id='word_1_62' title='bbox 149 1079 241 1109; x_wconf 83' lang='lat' dir='ltr'><strong>sors</strong></span> <span class='ocrx_word' id='word_1_63' title='bbox 269 1073 317 1108; x_wconf 90' lang='lat' dir='ltr'><strong>et</strong></span> <span class='ocrx_word' id='word_1_64' title='bbox 346 1062 494 1108; x_wconf 89' lang='lat' dir='ltr'><strong>fenus</strong></span> 
     </span>
     <span class='ocr_line' id='line_1_13' title="bbox 470 1142 917 1180; baseline -0.007 0"><span class='ocrx_word' id='word_1_65' title='bbox 470 1148 506 1180; x_wconf 92' lang='lat' dir='ltr'>D</span> <span class='ocrx_word' id='word_1_66' title='bbox 539 1146 575 1179; x_wconf 85' lang='lat' dir='ltr'>A</span> <span class='ocrx_word' id='word_1_67' title='bbox 611 1146 645 1179; x_wconf 86' lang='lat' dir='ltr'>N</span> <span class='ocrx_word' id='word_1_68' title='bbox 681 1147 703 1179; x_wconf 92' lang='lat' dir='ltr'>I</span> <span class='ocrx_word' id='word_1_69' title='bbox 740 1145 762 1178; x_wconf 91' lang='lat' dir='ltr'>S</span> <span class='ocrx_word' id='word_1_70' title='bbox 799 1144 831 1178; x_wconf 88' lang='grc' dir='ltr'>Τ</span> <span class='ocrx_word' id='word_1_71' title='bbox 867 1142 917 1177; x_wconf 88' lang='lat' dir='ltr'><strong>A.</strong></span> 
     </span>
     <span class='ocr_line' id='line_1_14' title="bbox 537 1178 1328 1262; baseline -0.004 -12"><span class='ocrx_word' id='word_1_72' title='bbox 537 1199 781 1251; x_wconf 78' lang='lat' dir='ltr'><strong>‘Tantum’</strong></span> <span class='ocrx_word' id='word_1_73' title='bbox 787 1215 852 1250; x_wconf 91' lang='lat' dir='ltr'><strong>st·</strong></span> <span class='ocrx_word' id='word_1_74' title='bbox 882 1201 1033 1248; x_wconf 85' lang='lat' dir='ltr'><strong>nihilo</strong></span> <span class='ocrx_word' id='word_1_75' title='bbox 1063 1178 1201 1262; x_wconf 92' lang='lat' dir='ltr'><strong>plus</strong></span> <span class='ocrx_word' id='word_1_76' title='bbox 1197 1211 1328 1262; x_wconf 91' lang='lat' dir='ltr'><strong>peto.</strong></span> 
     </span>
    </p>
   </div>
   <div class='ocr_carea' id='block_1_6' title="bbox 53 1287 1325 1410">
    <p class='ocr_par' dir='ltr' id='par_1_6' title="bbox 53 1287 1313 1410">
     <span class='ocr_line' id='line_1_15' title="bbox 506 1287 891 1323; baseline -0.008 0"><span class='ocrx_word' id='word_1_77' title='bbox 506 1290 538 1322; x_wconf 87' lang='grc' dir='ltr'><strong>Τ</strong></span> <span class='ocrx_word' id='word_1_78' title='bbox 575 1290 609 1323; x_wconf 80' lang='lat' dir='ltr'>R</span> <span class='ocrx_word' id='word_1_79' title='bbox 644 1289 679 1322; x_wconf 90' lang='lat' dir='ltr'><strong>A</strong></span> <span class='ocrx_word' id='word_1_80' title='bbox 714 1288 749 1321; x_wconf 88' lang='lat' dir='ltr'>N</span> <span class='ocrx_word' id='word_1_81' title='bbox 784 1288 806 1321; x_wconf 89' lang='grc' dir='ltr'>Ι</span> <span class='ocrx_word' id='word_1_82' title='bbox 842 1287 891 1320; x_wconf 86' lang='grc' dir='ltr'><strong>Ο.</strong></span> 
     </span>
     <span class='ocr_line' id='line_1_16' title="bbox 53 1345 1325 1410; baseline -0.007 -12"><span class='ocrx_word' id='word_1_83' title='bbox 53 1348 214 1399; x_wconf 59' lang='grc' dir='ltr'><strong>ΔνέΙίῐῐι</strong></span> <span class='ocrx_word' id='word_1_84' title='bbox 234 1348 433 1410; x_wconf 85' lang='lat' dir='ltr'><strong>quidem</strong></span> <span class='ocrx_word' id='word_1_85' title='bbox 449 1350 629 1406; x_wconf 83' lang='lat' dir='ltr'><strong>hercle,</strong></span> <span class='ocrx_word' id='word_1_86' title='bbox 648 1359 703 1394; x_wconf 90' lang='lat' dir='ltr'><strong>ut</strong></span> <span class='ocrx_word' id='word_1_87' title='bbox 718 1363 819 1394; x_wconf 90' lang='lat' dir='ltr'><strong>uno</strong></span> <span class='ocrx_word' id='word_1_88' title='bbox 838 1362 1040 1392; x_wconf 89' lang='lat' dir='ltr'><strong>nummo</strong></span> <span class='ocrx_word' id='word_1_89' title='bbox 1056 1345 1164 1408; x_wconf 88' lang='lat' dir='ltr'><strong>plus</strong></span> <span class='ocrx_word' id='word_1_90' title='bbox 1182 1354 1325 1407; x_wconf 80' lang='lat' dir='ltr'><strong>petas-</strong></span> 
     </span>
    </p>
   </div>
   <div class='ocr_carea' id='block_1_7' title="bbox 342 1439 1055 1476">
    <p class='ocr_par' dir='ltr' id='par_1_7' title="bbox 342 1439 1055 1476">
     <span class='ocr_line' id='line_1_17' title="bbox 342 1439 1055 1476; baseline -0.003 0"><span class='ocrx_word' id='word_1_91' title='bbox 342 1439 1055 1476; x_wconf 82' lang='lat' dir='ltr'>THEUROPIDES.</span> 
     </span>
    </p>
   </div>
   <div class='ocr_carea' id='block_1_8' title="bbox 54 1501 1330 1710">
    <p class='ocr_par' dir='ltr' id='par_1_8' title="bbox 54 1501 1330 1710">
     <span class='ocr_line' id='line_1_18' title="bbox 54 1501 877 1563; baseline -0.002 -13"><span class='ocrx_word' id='word_1_92' title='bbox 54 1501 365 1563; x_wconf 83' lang='lat' dir='ltr'><strong>Adulescens,</strong></span> <span class='ocrx_word' id='word_1_93' title='bbox 391 1522 582 1552; x_wconf 88' lang='lat' dir='ltr'><strong>mecum</strong></span> <span class='ocrx_word' id='word_1_94' title='bbox 610 1521 712 1550; x_wconf 83' lang='lat' dir='ltr'><strong>rem</strong></span> <span class='ocrx_word' id='word_1_95' title='bbox 740 1503 877 1549; x_wconf 86' lang='lat' dir='ltr'><strong>habe.</strong></span> 
     </span>
     <span class='ocr_line' id='line_1_19' title="bbox 414 1587 919 1625; baseline -0.012 0"><span class='ocrx_word' id='word_1_96' title='bbox 414 1600 423 1605; x_wconf 85' lang='grc'><em>·</em></span> <span class='ocrx_word' id='word_1_97' title='bbox 472 1592 508 1624; x_wconf 88' lang='lat' dir='ltr'>D</span> <span class='ocrx_word' id='word_1_98' title='bbox 544 1591 578 1624; x_wconf 82' lang='grc' dir='ltr'><strong>Α</strong></span> <span class='ocrx_word' id='word_1_99' title='bbox 613 1592 648 1625; x_wconf 81' lang='grc' dir='ltr'><strong>Ν</strong></span> <span class='ocrx_word' id='word_1_100' title='bbox 685 1591 705 1623; x_wconf 94' lang='lat'>1</span> <span class='ocrx_word' id='word_1_101' title='bbox 742 1588 765 1622; x_wconf 91' lang='lat' dir='ltr'><strong>s</strong></span> <span class='ocrx_word' id='word_1_102' title='bbox 803 1588 835 1620; x_wconf 80' lang='grc' dir='ltr'>Τ</span> <span class='ocrx_word' id='word_1_103' title='bbox 870 1587 919 1620; x_wconf 85' lang='grc' dir='ltr'><strong>Α.</strong></span> 
     </span>
     <span class='ocr_line' id='line_1_20' title="bbox 774 1646 1330 1710; baseline 0.007 -19"><span class='ocrx_word' id='word_1_104' title='bbox 774 1647 962 1708; x_wconf 91' lang='lat' dir='ltr'><strong>Nempe</strong></span> <span class='ocrx_word' id='word_1_105' title='bbox 981 1646 1062 1693; x_wconf 90' lang='lat' dir='ltr'><strong>abs</strong></span> <span class='ocrx_word' id='word_1_106' title='bbox 1087 1658 1135 1706; x_wconf 86' lang='lat' dir='ltr'><strong>te</strong></span> <span class='ocrx_word' id='word_1_107' title='bbox 1151 1659 1330 1710; x_wconf 84' lang='lat' dir='ltr'><strong>petam.</strong></span> 
     </span>
    </p>
   </div>
   <div class='ocr_carea' id='block_1_9' title="bbox 344 1731 1055 1766">
    <p class='ocr_par' dir='ltr' id='par_1_9' title="bbox 344 1731 1055 1766">
     <span class='ocr_line' id='line_1_21' title="bbox 344 1731 1055 1766; baseline -0.001 -1"><span class='ocrx_word' id='word_1_108' title='bbox 344 1731 1055 1766; x_wconf 83' lang='lat' dir='ltr'>THEUROPIDES.</span> 
     </span>
    </p>
   </div>
   <div class='ocr_carea' id='block_1_10' title="bbox 54 1785 921 1896">
    <p class='ocr_par' dir='ltr' id='par_1_10' title="bbox 54 1785 921 1896">
     <span class='ocr_line' id='line_1_22' title="bbox 54 1785 905 1850; baseline -0.002 -20"><span class='ocrx_word' id='word_1_109' title='bbox 54 1785 207 1832; x_wconf 89' lang='lat' dir='ltr'><strong>Petito</strong></span> <span class='ocrx_word' id='word_1_110' title='bbox 236 1801 343 1830; x_wconf 85' lang='lat' dir='ltr'><strong>cras.</strong></span> <span class='ocrx_word' id='word_1_111' title='bbox 901 1841 905 1850; x_wconf 39' lang='grc' dir='ltr'>Ι</span> 
     </span>
     <span class='ocr_line' id='line_1_23' title="bbox 474 1861 921 1896; baseline 0 -1"><span class='ocrx_word' id='word_1_112' title='bbox 474 1863 509 1895; x_wconf 93' lang='lat' dir='ltr'>D</span> <span class='ocrx_word' id='word_1_113' title='bbox 546 1862 581 1895; x_wconf 91' lang='lat' dir='ltr'>A</span> <span class='ocrx_word' id='word_1_114' title='bbox 617 1863 653 1896; x_wconf 87' lang='lat' dir='ltr'>N</span> <span class='ocrx_word' id='word_1_115' title='bbox 688 1862 709 1894; x_wconf 92' lang='lat'>1</span> <span class='ocrx_word' id='word_1_116' title='bbox 746 1861 769 1895; x_wconf 90' lang='lat' dir='ltr'>S</span> <span class='ocrx_word' id='word_1_117' title='bbox 804 1862 836 1895; x_wconf 89' lang='grc' dir='ltr'>Τ</span> <span class='ocrx_word' id='word_1_118' title='bbox 870 1861 921 1895; x_wconf 84' lang='lat' dir='ltr'><strong>A.</strong></span> 
     </span>
    </p>
   </div>
   <div class='ocr_carea' id='block_1_11' title="bbox 56 1922 1331 2353">
    <p class='ocr_par' dir='ltr' id='par_1_11' title="bbox 56 1922 1331 2353">
     <span class='ocr_line' id='line_1_24' title="bbox 363 1922 1167 1980; baseline 0.002 -11"><span class='ocrx_word' id='word_1_119' title='bbox 363 1922 524 1969; x_wconf 91' lang='lat' dir='ltr'><strong>Abeo:</strong></span> <span class='ocrx_word' id='word_1_120' title='bbox 556 1934 624 1969; x_wconf 88' lang='lat' dir='ltr'><strong>sat</strong></span> <span class='ocrx_word' id='word_1_121' title='bbox 651 1923 834 1980; x_wconf 81' lang='lat' dir='ltr'><strong>habeo,</strong></span> <span class='ocrx_word' id='word_1_122' title='bbox 865 1922 902 1967; x_wconf 88' lang='lat' dir='ltr'><strong>si</strong></span> <span class='ocrx_word' id='word_1_123' title='bbox 929 1937 1022 1969; x_wconf 82' lang='lat' dir='ltr'><strong>cras</strong></span> <span class='ocrx_word' id='word_1_124' title='bbox 1050 1923 1167 1971; x_wconf 80' lang='lat' dir='ltr'><strong>fero.</strong></span> 
     </span>
     <span class='ocr_line' id='line_1_25' title="bbox 507 2011 887 2045; baseline 0.003 -2"><span class='ocrx_word' id='word_1_125' title='bbox 507 2011 538 2043; x_wconf 88' lang='lat' dir='ltr'><strong>T</strong></span> <span class='ocrx_word' id='word_1_126' title='bbox 572 2012 608 2045; x_wconf 80' lang='lat' dir='ltr'>R</span> <span class='ocrx_word' id='word_1_127' title='bbox 641 2011 678 2044; x_wconf 82' lang='lat' dir='ltr'>A</span> <span class='ocrx_word' id='word_1_128' title='bbox 711 2013 745 2044; x_wconf 88' lang='lat' dir='ltr'>N</span> <span class='ocrx_word' id='word_1_129' title='bbox 780 2011 802 2044; x_wconf 92' lang='lat' dir='ltr'>I</span> <span class='ocrx_word' id='word_1_130' title='bbox 839 2011 887 2044; x_wconf 89' lang='grc' dir='ltr'><strong>Ο.</strong></span> 
     </span>
     <span class='ocr_line' id='line_1_26' title="bbox 58 2068 1235 2132; baseline 0.003 -18"><span class='ocrx_word' id='word_1_131' title='bbox 58 2068 237 2115; x_wconf 88' lang='lat' dir='ltr'><strong>Malum</strong></span> <span class='ocrx_word' id='word_1_132' title='bbox 264 2070 399 2131; x_wconf 90' lang='lat' dir='ltr'><strong>quod</strong></span> <span class='ocrx_word' id='word_1_133' title='bbox 426 2071 499 2117; x_wconf 81' lang='lat' dir='ltr'><strong>isti</strong></span> <span class='ocrx_word' id='word_1_134' title='bbox 523 2071 607 2116; x_wconf 87' lang='lat' dir='ltr'><strong>Dii</strong></span> <span class='ocrx_word' id='word_1_135' title='bbox 629 2071 859 2132; x_wconf 88' lang='lat' dir='ltr'><strong>Deaeque</strong></span> <span class='ocrx_word' id='word_1_136' title='bbox 891 2088 1056 2118; x_wconf 87' lang='lat' dir='ltr'><strong>omnes</strong></span> <span class='ocrx_word' id='word_1_137' title='bbox 1082 2072 1235 2118; x_wconf 65' lang='lat' dir='ltr'><strong>dtfint.</strong></span> 
     </span>
     <span class='ocr_line' id='line_1_27' title="bbox 56 2140 1087 2204; baseline 0.003 -19"><span class='ocrx_word' id='word_1_138' title='bbox 56 2140 127 2185; x_wconf 88' lang='lat' dir='ltr'><strong>Ita</strong></span> <span class='ocrx_word' id='word_1_139' title='bbox 157 2157 261 2186; x_wconf 90' lang='lat' dir='ltr'><strong>mea</strong></span> <span class='ocrx_word' id='word_1_140' title='bbox 288 2143 476 2188; x_wconf 81' lang='lat' dir='ltr'><strong>consilia</strong></span> <span class='ocrx_word' id='word_1_141' title='bbox 502 2144 748 2204; x_wconf 83' lang='lat' dir='ltr'><strong>perturbat</strong></span> <span class='ocrx_word' id='word_1_142' title='bbox 779 2143 1087 2204; x_wconf 81' lang='lat' dir='ltr'><strong>paenissume.</strong></span> 
     </span>
     <span class='ocr_line' id='line_1_28' title="bbox 56 2213 1331 2281; baseline 0.009 -24"><span class='ocrx_word' id='word_1_143' title='bbox 56 2213 258 2259; x_wconf 89' lang='lat' dir='ltr'><strong>Nullum</strong></span> <span class='ocrx_word' id='word_1_144' title='bbox 276 2215 447 2277; x_wconf 88' lang='lat' dir='ltr'><strong>edepol</strong></span> <span class='ocrx_word' id='word_1_145' title='bbox 463 2217 606 2262; x_wconf 88' lang='lat' dir='ltr'><strong>hodie</strong></span> <span class='ocrx_word' id='word_1_146' title='bbox 623 2233 771 2281; x_wconf 89' lang='lat' dir='ltr'><strong>genus</strong></span> <span class='ocrx_word' id='word_1_147' title='bbox 790 2227 858 2263; x_wconf 88' lang='lat' dir='ltr'><strong>est</strong></span> <span class='ocrx_word' id='word_1_148' title='bbox 872 2217 1128 2265; x_wconf 86' lang='lat' dir='ltr'><strong>hominum</strong></span> <span class='ocrx_word' id='word_1_149' title='bbox 1146 2221 1331 2281; x_wconf 79' lang='lat' dir='ltr'><strong>tet11us,</strong></span> 
     </span>
     <span class='ocr_line' id='line_1_29' title="bbox 56 2285 1296 2353; baseline 0.01 -24"><span class='ocrx_word' id='word_1_150' title='bbox 56 2285 158 2330; x_wconf 91' lang='lat' dir='ltr'><strong>Nec</strong></span> <span class='ocrx_word' id='word_1_151' title='bbox 185 2285 340 2330; x_wconf 89' lang='lat' dir='ltr'><strong>minus</strong></span> <span class='ocrx_word' id='word_1_152' title='bbox 360 2287 492 2334; x_wconf 90' lang='lat' dir='ltr'><strong>bono</strong></span> <span class='ocrx_word' id='word_1_153' title='bbox 519 2305 630 2335; x_wconf 90' lang='lat' dir='ltr'><strong>cum</strong></span> <span class='ocrx_word' id='word_1_154' title='bbox 655 2291 791 2353; x_wconf 80' lang='lat' dir='ltr'><strong>jure,</strong></span> <span class='ocrx_word' id='word_1_155' title='bbox 826 2306 973 2350; x_wconf 88' lang='lat' dir='ltr'><strong>quam</strong></span> <span class='ocrx_word' id='word_1_156' title='bbox 1000 2291 1296 2341; x_wconf 86' lang='lat' dir='ltr'><strong>danisticum.</strong></span> 
     </span>
    </p>
   </div>
   <div class='ocr_carea' id='block_1_12' title="bbox 59 2381 1136 2579">
    <p class='ocr_par' dir='ltr' id='par_1_12' title="bbox 59 2381 1136 2579">
     <span class='ocr_line' id='line_1_30' title="bbox 348 2381 1056 2421; baseline 0.008 -9"><span class='ocrx_word' id='word_1_157' title='bbox 348 2381 1056 2421; x_wconf 77' lang='lat' dir='ltr'>THEUROPIDES.</span> 
     </span>
     <span class='ocr_line' id='line_1_31' title="bbox 59 2439 1077 2508; baseline 0.006 -24"><span class='ocrx_word' id='word_1_158' title='bbox 59 2439 170 2508; x_wconf 72' lang='lat' dir='ltr'><strong>Qua</strong></span> <span class='ocrx_word' id='word_1_159' title='bbox 195 2440 246 2485; x_wconf 89' lang='lat' dir='ltr'><strong>in</strong></span> <span class='ocrx_word' id='word_1_160' title='bbox 273 2440 462 2504; x_wconf 84' lang='lat' dir='ltr'><strong>regione</strong></span> <span class='ocrx_word' id='word_1_161' title='bbox 490 2441 592 2488; x_wconf 86' lang='lat' dir='ltr'><strong>istas</strong></span> <span class='ocrx_word' id='word_1_162' title='bbox 618 2445 742 2492; x_wconf 86' lang='lat' dir='ltr'><strong>aedis</strong></span> <span class='ocrx_word' id='word_1_163' title='bbox 767 2446 884 2492; x_wconf 87' lang='lat' dir='ltr'><strong>emit</strong></span> <span class='ocrx_word' id='word_1_164' title='bbox 918 2446 1077 2491; x_wconf 82' lang='lat' dir='ltr'><strong>filius?</strong></span> 
     </span>
     <span class='ocr_line' id='line_1_32' title="bbox 981 2519 1136 2579; baseline -0.006 -15"><span class='ocrx_word' id='word_1_165' title='bbox 981 2519 1067 2564; x_wconf 89' lang='lat' dir='ltr'><strong>Kk</strong></span> <span class='ocrx_word' id='word_1_166' title='bbox 1110 2534 1136 2579; x_wconf 86' lang='lat'>3</span> 
     </span>
    </p>
   </div>
  </div>
 </body>
</html>
