1618 2866
235 140 328 201 480
459 138 515 184 M
547 137 594 182 o
627 135 658 182 s
691 136 738 181 T
772 135 810 183 E
842 136 883 180 L
917 135 957 181 L
989 133 1033 183 A
1064 134 1253 191 ΒΓΑ.
1386 150 1509 196 v.42

234 250 342 296 Mea
367 248 489 294 dicta
520 261 579 290 ex
603 242 731 288 factis
748 258 888 287 nosce
908 261 917 286 z
951 257 1052 287 rem
1069 239 1224 298 vides,
1256 254 1378 301 quae
1396 239 1518 297 sim,

489 330 536 364 et
564 333 686 378 quae
719 314 788 360 fui
814 326 937 361 ante.

234 396 398 442 Nihilo
435 408 521 455 ego
540 425 552 446 ,
579 406 724 450 quam
752 404 882 439 nunc
912 398 994 444 tu,
1028 396 1181 432 amata
1203 402 1336 443 sum,
1366 397 1512 448 atque

495 462 581 509 uni
608 461 756 507 modo
791 461 904 525 gessi
935 476 1119 506 rnorem
1137 493 1151 516 ,

237 539 342 609 Qui
372 539 457 600 pol
474 553 551 584 me
569 570 581 592 ,
614 535 699 580 ubi
725 546 873 580 aetate
902 527 995 580 hoc
1016 543 1159 595 caput
1176 532 1385 578 colorem
1403 544 1515 574 con-

234 649 238 652 .
488 609 693 655 mutavit
710 643 724 665 ,

232 684 478 746 Reliquit,
525 681 827 741 deseruitque
865 694 957 725 me.
998 676 1087 723 tibi
1123 662 1254 721 issem
1283 671 1516 720 ¹futurum

488 754 639 801 crede.

528 854 556 886 P
597 853 631 885 Η
667 853 686 885 Ι
724 853 755 886 L
791 853 822 885 O
861 852 892 885 L
927 851 961 883 A
998 850 1025 882 C
1063 848 1097 882 H
1131 847 1162 880 E
1200 846 1238 880 S.

234 919 332 967 Vix
362 915 660 977 conprimor,
697 913 818 973 quin
838 912 1049 958 involem
1074 908 1142 954 illi
1167 907 1218 952 in
1246 906 1408 951 oculos
1435 903 1512 948 sti*

489 986 739 1034 mulatrici.
1249 994 1253 995 ⁷

522 1086 551 1118 P
587 1083 622 1116 H
657 1083 678 1116 I
713 1082 743 1115 L
779 1081 808 1113 E
846 1081 888 1114 M
924 1079 958 1112 A
994 1080 1024 1112 T
1063 1080 1082 1113 1
1119 1079 1154 1112 U
1189 1080 1248 1113 Μ.

236 1153 397 1200 Solam
432 1149 499 1194 illi
532 1163 610 1192 me
643 1145 729 1191 soli
770 1135 936 1190 denseo
979 1158 1071 1187 esse
1123 1151 1339 1203 oportere
1383 1137 1521 1187 obse-

499 1229 747 1280 quentem.
1004 1233 1006 1237 ’

238 1300 396 1345 Solam
426 1295 503 1339 ille
540 1309 619 1337 me
649 1291 734 1336 soli
760 1290 847 1335 sibi
877 1304 962 1333 suo
992 1284 1220 1335 liberavit.

530 1372 1267 1424 PH'ILOLACHES.‘

240 1460 329 1505 Pro
357 1455 439 1502 Dii
465 1451 734 1498 inmortales
754 1484 767 1506 ,
804 1448 1054 1494 mulierem
1076 1444 1315 1509 lepidam3
1349 1458 1397 1494 et
1430 1463 1519 1509 pu·-

420 1555 423 1557 -
495 1526 602 1571 dico
628 1521 842 1587 ingenio!
1319 1536 1322 1537 ⁷

241 1605 370 1653 Bene
401 1602 555 1648 hercle
590 1599 799 1653 factum,
831 1606 878 1641 et
909 1593 1092 1659 gaudeo
1123 1592 1242 1639 mihi
1274 1591 1394 1637 nihil
1426 1607 1518 1638 esse

497 1673 635 1736 hujus
671 1686 836 1716 caussa.

698 1766 718 1798 s
758 1765 785 1796 c
822 1765 856 1798 A
890 1765 918 1797 P
954 1764 989 1797 H
1023 1764 1072 1797 A.

243 1834 414 1884 Inscita
447 1839 620 1877 ecastor
647 1839 702 1872 tu
734 1826 930 1887 quidem
961 1842 1019 1871 es.

526 1927 1249 1970 PHILEMATIUM.

793 1988 1136 2061 Quapropter?

697 2067 1080 2126 sCAPHA.

1060 2149 1197 2219 Quae
1219 2148 1336 2196 istuc
1363 2164 1521 2209 cureS‚

248 2224 313 2270 Ut
340 2233 387 2269 te
418 2222 496 2267 ille
531 2229 668 2265 amet.

523 2310 1244 2349 PHILEMATIUM.

527 2374 633 2421 Cur
662 2371 853 2419 obsecro
885 2387 985 2417 non
1015 2370 1213 2419 curem?
