1618 2866
230 169 295 214 80
608 165 1141 215 EPIDICU‘S.
1369 186 1507 233 πμ

229 277 340 322 Sine
356 310 369 332 a
399 273 596 337 perdat:
628 273 714 318 alia
740 272 1064 335 apportabunt
1088 273 1149 320 eii
1172 272 1313 319 Nerei
1340 275 1473 322 filiae.

228 350 289 397 Id
311 349 460 395 mo&
478 346 747 394 videndum
763 348 818 393 ’st
833 381 846 405 ,
866 357 923 394 ut
938 347 1150 394 materies
1171 359 1391 410 suppetat
1406 366 1509 396 scu—

481 431 630 476 tants,

232 495 281 543 Si
303 496 352 541 in
375 493 565 558 singulis
588 491 832 555 stipendiis
856 492 891 538 is
908 492 969 539 acl
986 493 1129 541 hostis
1149 494 1337 543 exuvias
1363 494 1508 544 dabit.

619 589 650 621 Τ
687 588 721 621 Η
756 589 785 621 Ε
823 589 845 622 s
882 589 909 621 P
947 590 979 623 R
1015 590 1036 623 1
1072 591 1120 625 o.

228 653 490 719 Supersede
520 654 613 701 istis
639 653 780 699 rebus
801 654 918 717 jam.

280 721 310 761 ²
619 747 651 781 E
688 747 715 779 P
753 747 773 779 1
809 747 844 780 D
884 747 905 780 1
941 748 967 780 c
1004 747 1042 780 u
1077 745 1116 782 s.
1181 786 1185 789 ,

678 816 758 862 Tu
788 816 886 878 ipse
900 851 914 874 ,
941 817 1028 863 ubi
1049 809 1213 877 lubet,
1232 818 1379 866 finem
1398 817 1509 867 face.

621 910 653 943 Τ
690 910 725 943 Η
760 910 791 943 Ε
828 909 850 943 S
887 909 915 942 P
952 911 985 945 R
1020 910 1041 943 I
1077 910 1125 944 O.

228 971 409 1019 Desiste
442 971 772 1033 percontarier.

631 1058 662 1090 E
702 1058 730 1090 P
769 1058 789 1090 1
828 1058 863 1090 D
899 1058 921 1090 1
958 1058 985 1090 c
1021 1057 1056 1090 U
1093 1057 1131 1092 s.

537 1119 776 1181 Eloquere
793 1154 806 1177 ,
829 1119 926 1180 ipse
947 1118 1035 1164 ubi
1058 1130 1125 1164 est
1149 1117 1511 1182 Stratippocles?

617 1213 648 1245 Τ
685 1213 719 1245 Η
754 1214 783 1245 Ε
822 1213 844 1246 s
881 1213 908 1245 P
946 1215 979 1247 R
1014 1213 1034 1245 1
1074 1213 1123 1245 ο.

231 1274 313 1320 Est
328 1289 498 1332 caussa,
518 1290 615 1334 qua
633 1290 786 1319 caussa
805 1274 946 1319 simul
962 1290 1156 1320 mecum
1172 1273 1239 1319 ire
1255 1271 1486 1323 veritu’st.

618 1369 648 1400 E
685 1368 712 1400 P
749 1369 769 1400 1
806 1368 841 1400 D
878 1369 899 1400 1
935 1369 961 1400 c
999 1367 1034 1400 U
1071 1368 1109 1401 s.

1058 1429 1307 1497 Quidnam
1335 1430 1388 1477 id
1413 1431 1514 1478 est?

623 1521 654 1554 T
693 1520 727 1554 Η
762 1522 792 1554 Ε
830 1520 852 1554 s
889 1521 916 1553 P
954 1521 986 1553 R
1022 1522 1041 1553 1
1083 1523 1132 1555 o.

234 1585 417 1631 Patrem
443 1583 602 1630 videre
630 1599 675 1627 se
698 1597 799 1628 non
820 1583 925 1628 volt
950 1582 1088 1629 etiam
1111 1599 1254 1629 nunc.

630 1674 660 1708 Ε
697 1674 725 1707 Ρ
761 1676 781 1708 1
818 1675 853 1706 D
888 1675 910 1707 1
945 1674 972 1708 c
1010 1674 1044 1707 U
1081 1674 1117 1708 s.

1063 1736 1431 1805 ·Quapropter?

625 1827 655 1859 T
693 1825 726 1859 H
761 1828 790 1860 E
827 1827 849 1861 S
887 1827 915 1860 P
950 1829 984 1862 R
1019 1827 1039 1861 1
1081 1829 1129 1861 Ο.

1377 1881 1512 1931 Scies.

235 1950 364 2020 Quia
387 1950 538 1996 forma
555 1951 714 2012 lepida
731 1963 778 1997 et
795 1952 974 1998 liberali
989 1953 1225 2014 captivam
1242 1954 1514 2004 adulescen-

485 2025 635 2069 tulam
695 2050 704 2059 ·

231 2096 307 2143 De
333 2097 503 2158 praeda
537 2110 747 2144 mercatu
766 2100 832 2145 ’st.

632 2194 661 2225 Ε
700 2193 726 2225 Ρ
764 2194 783 2225 1
821 2195 856 2226 D
891 2193 910 2225 1
947 2195 974 2227 c
1013 2195 1048 2227 U
1087 2194 1123 2228 s.

619 2261 757 2331 Quid
783 2278 869 2326 ego
895 2278 953 2308 ex
978 2274 1026 2308 te
1053 2262 1236 2309 audio?

619 2353 651 2386 Τ
687 2353 720 2386 Η
756 2353 786 2386 E
825 2353 846 2386 s
883 2353 909 2386 P
947 2356 979 2388 R
1015 2355 1035 2387 1
1073 2356 1119 2388 o.
1380 2387 1385 2391 .

1028 2417 1137 2464 Hoc
1158 2419 1294 2480 quod
1311 2418 1507 2467 fabulor.
