1618 2866
232 157 326 218 '248
475 164 486 176 ·
568 141 1171 200 MERCATOR.
1372 165 1516 210 'v.70

230 267 556 317 Laboravisse:
588 282 743 326 quom
770 268 884 314 haec
910 277 1044 328 pater
1069 267 1158 314 sibi
1188 262 1393 313 diceret:

218 343 347 390 Tibi
387 359 514 398 aras,
562 341 653 386 tibi
696 357 826 388 occas
852 377 866 400 ,
906 340 998 388 tibi
1020 341 1185 400 -seris,
1228 342 1317 389 tibi
1360 340 1518 388 eidem

486 414 622 460 metis
647 432 657 459 z

233 488 348 535 Tibi
387 487 600 548 denique
632 487 715 532 iste
753 485 902 547 pariet
928 483 1155 530 laetitiam
1186 484 1331 533 labos⁸

233 562 494 622 Postquam
523 569 719 606 recesset
754 558 850 603 vita
876 556 1028 619 patrio
1063 572 1262 618 corpore
1279 591 1295 615 ,

234 634 416 698 Agrum
442 651 489 680 se
526 631 791 680 vendidisse
808 664 822 687 ,
846 641 993 690 atque
1024 647 1076 676 ea
1102 631 1307 692 pecunia

233 708 407 754 Navim
425 741 439 764 ,
469 717 687 752 metretas
718 720 841 764 quae
868 714 1096 749 trecentas
1132 704 1350 762 tolleret,

234 781 413 829 Parasse
433 815 447 837 ,
473 791 617 840 atque
641 793 776 838 eapse
802 791 977 820 merces
1005 785 1249 821 vectatum
1274 776 1521 837 undique,

236 853 375 900 Adeo
395 853 515 904 dum
531 887 545 908 ,
575 867 698 912 quae
721 861 829 895 tum
855 848 1077 905 haberet,
1101 849 1352 910 peperisset
1379 849 1522 895 bona.

236 926 319 973 Me
347 925 477 970 idem
502 924 694 980 decere,
725 922 791 979 si,
824 932 880 970 ut
911 922 1098 968 deceret
1128 938 1207 970 me
1227 956 1241 978 ,
1272 921 1438 968 forem.

236 998 340 1062 Ego
370 1013 449 1042 me
479 997 564 1045 ubi
586 995 796 1045 invisum
817 1010 928 1041 meo
953 995 1075 1056 patri
1100 1011 1193 1040 esse
1216 995 1470 1059 intellego,

237 1071 405 1133 Atque
421 1070 535 1116 odio
564 1086 657 1118 esse
679 1086 786 1126 me,
820 1069 940 1129 quoi
966 1069 1148 1129 placere
1177 1085 1385 1130 aequom
1405 1068 1522 1125 fuit,

230 1144 441 1199 Amen&
463 1158 744 1202 amansque,
764 1152 876 1190 utut
899 1140 1115 1191 animum
1136 1141 1319 1188 offirmo
1339 1157 1524 1198 meum,

236 1218 362 1267 Dico
391 1234 483 1263 esse
512 1217 694 1262 iturum
729 1231 808 1261 me
830 1226 1093 1263 mercatum
1111 1249 1126 1272 ,
1156 1215 1192 1261 si
1217 1215 1355 1261 velit:

240 1291 472 1344 Amorem
502 1290 697 1336 missum
728 1287 877 1334 facere
907 1304 1010 1344 me,
1040 1287 1159 1334 dum
1183 1287 1251 1333 illi
1277 1287 1524 1349 obsequar.

240 1363 351 1427 Agit
369 1362 530 1426 gratias
545 1360 687 1416 mihi,
703 1371 849 1421 atque
865 1360 1111 1424 ingenium
1126 1361 1330 1414 allaudat
1343 1377 1524 1408 meum.

241 1434 336 1482 Sed
359 1450 465 1479 mea
495 1432 719 1494 promissa
746 1448 846 1477 non
879 1432 1090 1495 neglexit
1123 1434 1355 1495 persequi.

243 1508 475 1556 Aedificat
514 1505 676 1552 navim
710 1505 970 1553 Cercurum
989 1540 1001 1562 ,
1034 1516 1081 1552 et
1108 1523 1284 1553 merces
1308 1507 1457 1555 emit:

241 1583 407 1629 Parata
433 1579 571 1636 navi,
605 1579 809 1640 inponit.
837 1591 1075 1640 prae-terea
1107 1579 1226 1625 mihi

244 1657 508 1705 Talentum
540 1653 721 1717 argenti
750 1652 876 1714 ipsus
899 1669 980 1698 sua
1011 1663 1292 1698 annumerat
1316 1668 1492 1698 manu:

243 1729 443 1776 Servom
474 1742 571 1772 una
599 1725 774 1782 mittit,
800 1725 886 1786 qui
916 1725 1033 1770 olim
1055 1742 1080 1770 a
1103 1741 1254 1787 puero
1285 1725 1484 1786 parvolo

242 1802 366 1848 Mihi
396 1799 695 1862 paedagogus
732 1797 910 1846 fuerat;
947 1799 1077 1857 quasi
1114 1798 1185 1842 uti
1219 1797 1337 1842 mihi
1372 1796 1496 1843 foret

243 1877 427 1922 Custos.
459 1874 567 1919 iisce
597 1871 822 1918 confectis
852 1869 1010 1915 navim
1041 1869 1294 1917 solvimus:

242 1948 474 1996 Rhodum
503 1946 736 1992 venimus.
775 1943 886 2000 ubi,
921 1959 1036 2003 quas
1069 1958 1245 1988 merces
1273 1957 1526 1998 vexeram,

247 2020 459 2076 Omnis,
489 2030 545 2066 ut
570 2017 732 2073 volui,
762 2014 960 2064 vendidi
989 2030 1049 2060 ex
1083 2014 1345 2071 sententia,

252 2094 471 2142 Lucrum
506 2092 668 2156 ingens
698 2089 847 2140 facto;
880 2099 1211 2151 praeterquam
1241 2086 1362 2135 mihi
1394 2102 1531 2134 meus

495 2177 628 2230 pater

251 2237 402 2286 Dedit
438 2236 694 2282 aestimatas
723 2251 912 2282 merces.
947 2235 1010 2280 ita
1032 2233 1278 2295 peculium

251 2309 469 2359 Conficio
491 2309 677 2374 grande.
703 2308 812 2365 sed,
838 2307 988 2353 dum
978 2323 1027 2352 1n
1045 2319 1190 2368 portu
1218 2306 1285 2351 illi
1302 2295 1529 2359 ambuIO,

246 2385 429 2448 Hospes
458 2399 536 2431 me
564 2381 762 2444 quidam
787 2380 1039 2445 adgnovit,
1063 2380 1124 2428 ad
1145 2395 1344 2427 coenam
1374 2385 1527 2424 vocat.
