1618 2866
85 225 217 272 *94
377 205 669 255 ACTUS
723 206 824 255 IV.
876 205 984 255 SC.
1032 207 1111 254 ΙΙ.
1287 221 1378 272 ¹9⁷,

439 328 469 361 P
504 325 536 359 Ε
572 326 606 359 Ν
645 324 667 357 1
705 325 732 358 c
771 324 806 358 u
841 324 872 358 1.
907 325 944 358 U
981 325 1021 360 s.

244 395 405 442 Immo
427 395 586 441 hercle
602 411 745 452 vero,
767 410 854 441 nos
884 410 987 441 non
1006 393 1176 441 falsum
1202 391 1372 443 dicere.

395 494 1069 530 MENAECHMUS.

90 566 188 615 Sed
215 582 303 635 ego
336 566 467 613 illam
489 581 592 613 non
618 565 916 623 condonavi,
947 565 1030 612 sed
1054 565 1118 612 sic
1142 564 1376 614 utendam

352 641 477 688 dedi.

532 738 577 771 M
613 736 650 770 U
685 736 716 770 Ι.
750 737 773 770 Ι
806 735 837 769 E
875 736 926 769 R.

95 805 338 869 Equidem
367 818 543 854 ecastor
571 818 706 853 tuam
737 821 828 852 nec
861 801 1170 867 chlamydem
1202 802 1269 850 do
1304 801 1379 849 fo-

347 897 418 927 ras
436 915 453 939 ,
485 897 574 927 nec
608 880 808 942 pallium

94 950 378 1022 Quoiquam
403 951 658 998 utendum.
694 950 946 996 mulierem
976 964 1188 1010 aequom
1205 949 1261 995 ’st
1292 963 1378 995 ve-

351 1024 634 1069 stimentum
665 1022 900 1067 muliebre
915 1052 929 1054 a

36 1123 38 1125 v
98 1094 229 1142 Dare
248 1095 394 1152 foras,
421 1095 580 1141 virum
605 1094 753 1142 virile.
778 1094 900 1155 quin
929 1092 1068 1140 refers
1094 1093 1271 1156 pallam
1299 1090 1384 1139 do-

354 1167 532 1213 mum?

394 1261 438 1294 M
472 1260 502 1293 E
539 1262 575 1294 N
609 1260 644 1294 A
678 1261 709 1294 E
746 1262 775 1295 C
810 1261 845 1294 H
884 1260 930 1295 Μ
963 1259 999 1293 U
1035 1259 1077 1295 S.

102 1320 208 1387 Ego
238 1319 348 1369 faxo
378 1320 615 1369 referetur.

538 1415 581 1448 M
617 1414 654 1447 U
689 1412 719 1447 Ι,
754 1413 776 1447 1
812 1414 842 1447 Ε
879 1415 929 1448 R.

590 1473 664 1519 Ex
693 1490 742 1520 re
768 1484 877 1531 tua,
903 1485 961 1520 ut
990 1473 1188 1536 opinor,
1214 1473 1388 1521 feceris

103 1546 229 1594 Nam
250 1546 453 1594 domum
473 1562 742 1608 numquam
762 1546 1002 1604 introibis,
1026 1547 1116 1593 nisi
1137 1546 1253 1594 feres
1279 1549 1383 1609 pal-

356 1621 453 1666 lam
479 1620 635 1666 simul.

405 1713 451 1745 M
484 1713 515 1746 Ε
551 1714 587 1747 Ν
624 1712 661 1746 Α
695 1712 727 1744 Ε
764 1713 792 1746 c
828 1713 866 1746 Η
897 1712 943 1746 Μ
976 1713 1013 1748 U
1048 1711 1090 1747 s.

106 1772 211 1839 Ego
238 1771 472 1821 domum!

168 1870 172 1874 ’
463 1869 494 1902 P
530 1869 561 1902 Ε
595 1869 631 1903 Ν
665 1869 686 1902 1
721 1870 748 1902 c
785 1868 822 1902 U
856 1870 888 1902 1.
924 1869 960 1902 U
997 1869 1037 1903 s.

368 1938 507 2009 Quid
535 1938 658 1985 mihi
679 1937 900 1984 futurum
919 1938 1003 1995 'st,
1033 1938 1122 1998 qui
1151 1938 1242 1985 tibi
1269 1938 1393 1985 hanc

918 2026 1117 2071 operam
1149 2009 1296 2056 dedi?

550 2098 595 2130 M
631 2095 669 2128 U
705 2095 735 2128 Ι,
770 2096 791 2128 1
826 2096 859 2129 Ε
893 2097 942 2129 R.

120 2151 280 2214 Opera
307 2154 531 2203 reddetur
548 2190 564 2215 ,
601 2155 800 2218 quando
832 2156 955 2218 quid
987 2157 1084 2204 tibi
1113 2157 1201 2203 erit
1237 2155 1399 2202 subre-

370 2239 512 2289 ptum
541 2229 705 2277 domo.
1068 2254 1071 2257 ¹

472 2320 502 2352 P
537 2321 568 2353 E
603 2323 639 2356 N
674 2322 697 2355 I
733 2324 760 2356 C
797 2322 833 2356 U
867 2323 898 2357 L
935 2323 972 2356 U
1007 2322 1047 2357 S.

121 2374 182 2422 Id
197 2374 399 2438 quidem
424 2377 598 2440 edepol
611 2396 884 2443 numquam
907 2383 1007 2429 erit.
1029 2397 1144 2428 narn
1165 2378 1287 2426 nihil
1307 2387 1399 2433 est,

384 2449 521 2510 quod
546 2451 769 2513 perdam,
802 2453 951 2500 domi.
