1618 2866
179 223 275 274 470
405 203 1202 255 MOSTELLARI‘A.
1331 224 1459 269 v.14

639 323 672 357 G
709 324 742 357 R
779 322 814 356 U
850 322 893 355 M
927 323 948 355 1
986 324 1033 357 o.
1100 303 1106 314 '

165 379 264 434 'Tu
290 388 494 443 urbanus
519 400 633 431 vero
667 399 820 429 scurra
836 418 849 441 ,
880 384 1072 430 deliciae
1099 386 1268 447 popli,

184 459 282 506 Rus
315 458 434 502 mihi
463 470 517 503 tu
547 456 783 519 objectas?
811 472 918 501 sane
948 456 1119 514 credo,
1151 458 1360 516 Tranio,

184 532 337 601 Quod
371 543 417 576 te
452 531 502 576 in
531 531 783 592 pistrinum
811 531 893 575 scis
920 541 1138 576 actutum
1167 532 1349 578 tradier.

184 607 259 652 Cis
276 641 288 662 ,
321 606 502 662 hercle,
538 620 707 666 paucas
740 614 1039 664 tempestates
1056 639 1069 661 ‚
1096 606 1273 651 Tranio
1294 641 1308 663 ,

166 677 386 742 Augebis
418 677 514 735 ruri
539 692 827 732 numerum,
862 693 1008 739 genus
1035 677 1250 724 ferratile.
1466 723 1472 734 ,

182 749 328 795 Nunc
340 785 353 807 ‚
371 751 490 796 dum
507 749 595 794 tibi
616 748 752 793 lubet
770 748 979 809 licetque
992 783 1006 807 ,
1025 761 1140 810 pota
1153 785 1166 807 9
1183 751 1329 811 perde
1347 769 1465 810 rem,

182 822 462 884 Contumpe
495 822 693 867 herilem
724 821 905 879 filiurn,
938 822 1288 869 adulescentem
1323 837 1467 885 optu-

439 911 600 941 mum:

184 969 298 1016 Dies
333 976 597 1029 noctesque
630 967 810 1025 bibite,
837 968 1230 1032 pergraecamini‚

185 1041 369 1087 Amicas
399 1041 571 1098 emite,
603 1040 799 1086 liberate
817 1074 830 1096 ,
866 1041 1040 1100 pascite

184 1114 437 1172 Parasitos‚
475 1114 703 1160 obsonate
736 1113 1088 1175 pollucibiliter.

185 1186 423 1232 Haeccine
451 1185 695 1231 mandavit
718 1186 807 1231 tibi
823 1220 838 1243 ,
863 1203 1016 1247 quom
1038 1203 1232 1252 peregre
1259 1187 1372 1233 hinc
1390 1187 1468 1246 iit,

439 1276 584 1305 senex
598 1259 619 1303 P

187 1332 408 1378 Hoccine
434 1332 583 1377 modo
606 1332 681 1376 hic
710 1348 809 1377 rem
833 1341 1041 1376 curatam
1071 1330 1282 1377 offendet
1307 1331 1471 1378 suam?

186 1404 404 1452 Hoccine
434 1404 553 1450 boni
582 1420 674 1448 esse
707 1404 918 1449 officium
953 1404 1070 1448 servi
1097 1404 1376 1461 existumas,

187 1478 254 1524 Ut
288 1477 387 1523 heri
418 1477 489 1523 sui
522 1485 805 1535 conrumpat
835 1485 882 1519 et
907 1490 1009 1518 rem
1043 1485 1089 1518 et
1118 1474 1309 1519 filium?

187 1550 313 1597 Nam
333 1567 420 1615 ego
439 1551 578 1596 illum
596 1559 889 1610 conruptum
907 1547 1033 1592 duco
1047 1581 1060 1604 ‚
1084 1562 1237 1606 quom
1255 1546 1324 1591 his
1342 1546 1470 1592 factis

441 1623 629 1679 studet⁷
1271 1628 1274 1630 ’

190 1698 307 1764 Quo
334 1712 480 1740 nemo
511 1696 726 1754 adaeque
747 1696 1008 1757 juventute
1036 1709 1095 1737 ex
1125 1693 1257 1737 omni
1283 1690 1437 1737 Attica

188 1769 403 1815 Antehac
438 1779 505 1813 est
537 1768 726 1813 habitus
769 1783 967 1828 parcus,
1005 1783 1093 1812 nec
1134 1766 1277 1829 magis
1319 1764 1473 1810 conti-⁴
1510 1792 1513 1795 ᾗ

444 1857 585 1885 nens:

187 1915 233 1960 Is
267 1930 398 1959 nunc
427 1912 476 1957 in
505 1912 643 1957 aliam
673 1923 856 1973 partem
882 1913 1089 1972 palmam
1120 1909 1339 1972 possidet.

146 2030 151 2034 .
189 1986 379 2035 Virtute
411 1987 462 2032 id
494 1986 675 2032 factum
701 1997 785 2031 tua
815 1997 862 2031 et
883 1985 1146 2048 magisterio
1173 1994 1274 2028 tuo.

646 2081 677 2113 T
709 2082 742 2114 R
779 2079 811 2112 A
851 2079 885 2112 N
915 2080 939 2125 J
981 2079 1029 2111 ο.

191 2153 328 2223 Quid
365 2153 480 2210 tibi,
519 2154 730 2207 malum,
771 2167 876 2208 me,
906 2161 988 2196 aut
1018 2149 1136 2210 quid
1178 2165 1264 2214 ego
1301 2143 1470 2213 agam,‘

446 2225 625 2270 curatio
645 2224 733 2268 ‘sti’
831 2231 834 2235 ’
1426 2277 1431 2281 ¹

188 2297 268 2345 An
300 2298 395 2344 ruri
427 2314 601 2358 quaeso
634 2313 737 2342 non
770 2307 910 2352 sunt,
944 2311 1064 2356 quos
1097 2311 1254 2352 cures,
1286 2293 1467 2342 boves?

190 2372 351 2418 Lubet
383 2382 577 2434 potare,
608 2386 788 2427 amare,
812 2379 960 2415 scorta
994 2368 1178 2413 ducere.

191 2445 289 2492 Mei
320 2446 436 2510 tergi
465 2445 581 2492 facio
611 2445 752 2501 ha’ec,
780 2460 880 2489 non
913 2443 983 2489 tui
1008 2477 1021 2500 ,
1057 2441 1239 2488 fiducia.

1130 2559 1137 2589 l
