1618 2866
106 177 245 226 xva-„19
541 161 585 210 A
618 162 657 210 C
689 162 735 210 T
767 161 812 210 U
844 159 875 209 S
939 161 977 208 Ι.
1297 173 1396 224 341·

303 279 1218 317 PYRGOPOLINICES.

104 345 232 392 Istuc
267 343 469 406 quidem
496 342 672 405 edepol
700 342 822 388 nihil
847 353 927 389 est.

413 439 449 472 A
485 439 518 471 R
553 438 586 470 T
621 438 653 471 Ο
692 437 725 470 Τ
758 437 794 470 R
831 436 863 469 Ο
904 434 936 468 G
972 434 1007 467 U
1050 434 1088 468 S.

692 496 825 542 Nihil
854 494 1010 541 hercle
1038 493 1239 556 quidem
1268 495 1394 553 hoc,

105 572 221 618 Prae
246 581 306 618 ut
334 571 422 618 alia
442 571 597 618 dicam
615 605 629 628 ,
657 581 712 616 tu
735 585 859 631 quae
888 585 1159 629 numquam
1184 567 1359 614 feceris.

106 643 419 707 Perjuriorem
457 643 551 690 hoc
582 642 832 688 hominem
866 640 902 685 si
934 640 1038 700 quis
1071 640 1276 697 viderit,

105 713 208 760 Aut
231 714 487 778 gloriarum
518 714 785 775 pleniorem
801 747 816 770 ‚
862 728 1008 773 quam
1039 711 1134 757 illic
1162 723 1260 769 est,

105 786 188 833 Me
217 786 305 832 sibi
325 786 529 843 habeto,
562 797 610 832 et
639 802 727 849 ego
764 801 845 831 me
874 782 1132 844 mancupio
1162 783 1289 830 dabo

103 858 305 926 Epityro
324 894 338 917 ‚
373 870 430 906 ut
455 859 586 921 apud
615 860 754 905 illum
790 858 989 904 esuriem
1023 857 1184 903 insane
1218 857 1358 904 bene.

301 950 1212 986 PYRGOPOLINICES.

105 1012 397 1060 Ubitues?
943 1040 945 1042 ·

414 1087 1082 1123 ARTOTROGUS.

361 1150 558 1197 Eccum.
584 1148 760 1211 edepol
784 1149 863 1194 vel
889 1149 1144 1210 elephanto
1172 1149 1225 1196 in
1254 1148 1393 1196 India

107 1222 224 1291 Quo
253 1232 394 1284 pacto
425 1238 591 1286 pugno
620 1220 882 1285 perfregisti
913 1221 1196 1267 brachium!

301 1315 1196 1351 PYRGOPOLINICES.

108 1376 275 1445 Quid,
307 1376 592 1423 brachium?

419 1462 456 1495 A
489 1463 523 1496 R
559 1461 591 1494 T
627 1461 660 1495 Ο
698 1460 729 1494 Τ
766 1462 800 1495 R
839 1461 871 1493 Ο
913 1461 944 1495 G
982 1460 1017 1492 U
1055 1459 1093 1493 S.

612 1523 741 1569 Illud
775 1522 929 1568 dicere
957 1522 1121 1578 volui,
1154 1520 1321 1571 femur.

303 1607 1207 1644 PYRGOPOLINICES.

107 1667 173 1716 At
199 1668 501 1733 indiligenter
532 1666 610 1712 hic
645 1683 786 1712 eram.

413 1755 450 1788 A
484 1755 517 1787 R
552 1754 584 1786 T
620 1754 652 1787 Ο
690 1755 721 1786 Τ
759 1755 792 1787 R
827 1755 860 1787 Ο
899 1755 931 1788 G
968 1754 1005 1787 U
1044 1754 1082 1788 S.

257 1879 260 1881 ι
791 1817 880 1862 Pol
911 1818 946 1862 si
988 1815 1189 1877 quidem

114 1887 343 1935 Connisus
373 1905 512 1946 essm,
538 1906 623 1951 per
652 1890 838 1936 corium
855 1924 869 1946 ‚
899 1906 984 1950 per
1006 1890 1207 1945 viscera,

109 1958 292 2020 Perque
321 1978 371 2007 os
398 1962 650 2022 elephanto
678 1962 931 2008 brachium
962 1961 1310 2007 transmitteres.

305 2054 1197 2090 PYRGOPOLINICES.

114 2109 242 2156 Nolo
269 2112 404 2159 istaec
432 2115 509 2161 hic
530 2131 675 2162 nunc.

417 2199 451 2233 A
485 2202 519 2234 R
554 2202 585 2234 T
628 2202 660 2234 O
698 2202 730 2235 Τ
765 2204 800 2236 R
835 2202 867 2235 O
907 2203 939 2235 G
977 2202 1012 2234 U
1050 2202 1091 2236 S.

472 2260 545 2306 Ne
573 2262 729 2308 hercle
752 2279 922 2324 operae
949 2262 1158 2324 pretium
1186 2261 1393 2322 quidem

112 2326 233 2373 Mihi
257 2338 304 2373 te
336 2344 564 2387 enarrare,
595 2344 699 2379 tuas
725 2335 812 2395 qui
833 2336 1030 2381 virtutes
1058 2336 1213 2379 sciam.

114 2398 293 2446 Venter
320 2412 443 2446 creat
471 2404 621 2448 omnis
647 2405 726 2451 has
747 2422 1003 2453 aerumnaS.
1036 2406 1226 2451 auribus

1096 2475 1192 2535 Y3
