1618 2866
241 190 340 239 370
417 187 419 190 ·
469 173 725 223 MILES
775 173 1271 229 GLORIOSUS.
1394 143 1524 244 {537

243 285 326 332 Me
353 300 467 331 cum
496 283 652 329 alieno
684 281 1069 343 adulescentulo,
1099 287 1231 347 quasi
1258 303 1391 336 nunc
1425 299 1528 349 est,

503 357 760 402 osculatam
791 372 908 402 esse:

245 433 417 503 Quom
441 431 520 476 illa
537 430 742 476 osculata
759 445 867 475 mea
883 445 1012 476 soror
1029 430 1219 495 gemina
1233 444 1347 480 esset
1363 451 1529 482 suum-

497 514 581 565 pte
611 518 834 549 amlcum.

244 579 318 626 Ita
352 595 432 625 me
474 577 793 623 insimulatam
825 592 1074 640 perperam
1104 577 1275 627 falsum
1315 596 1410 627 esse
1452 597 1532 629 so-

507 665 699 697 mmaw.

569 737 598 770 P
634 736 669 770 A
704 736 736 770 1.
771 735 806 769 A
842 736 872 769 E
911 736 933 770 s
970 738 1001 770 Τ
1036 739 1071 774 R
1105 738 1129 772 1
1168 715 1218 772 o.

247 798 388 848 Satin’
423 797 589 844 eadem
627 798 678 843 in
712 797 957 861 vigilantes
997 810 1232 861 expetunt
1250 832 1267 859 ,
1307 815 1433 862 quae
1476 800 1531 849 in

507 869 682 916 somnis
714 869 809 915 visa
835 886 1066 917 memoras
1083 872 1106 917 ?

248 946 381 993 Heus
401 945 558 990 hercle
574 942 833 1005 praesentia
857 943 1043 990 omnia!
1068 944 1146 991 abi
1165 945 1293 992 intro
1307 978 1323 1005 ,
1348 955 1397 992 et
1418 960 1533 992 con-

506 1033 708 1079 precare.

249 1091 551 1140 Narrandum
580 1108 667 1156 ego
704 1091 823 1137 istuc
851 1090 994 1137 Militi
1022 1091 1239 1138 censebo.

472 1184 1338 1220 PHILocoMAs-IUM.

1075 1243 1082 1259 ”
1140 1245 1310 1291 Facere
1337 1254 1538 1294 certum.

250 1317 426 1380 Neque
468 1334 548 1363 me
589 1316 789 1378 quidem
824 1318 972 1378 patiar
1006 1318 1171 1381 probri
1205 1318 1319 1365 falso
1351 1319 1538 1382 inpune

511 1391 844 1438 insimulatam.

613 1477 636 1510 s
673 1476 699 1508 c
737 1477 767 1509 Ε
800 1476 831 1509 1.
867 1476 898 1508 E
935 1477 971 1509 D
1007 1477 1041 1510 R
1078 1477 1113 1509 U
1150 1477 1191 1511 s.

253 1537 456 1597 Timeo,
488 1537 611 1599 quid
643 1553 803 1584 rerum
834 1537 1077 1603 gesserim:
1111 1537 1176 1584 ita
1211 1536 1375 1585 dorsus
1407 1548 1537 1587 totus

504 1621 670 1672 prurit.

579 1696 608 1730 Ρ
645 1696 681 1729 A
714 1696 745 1729 L
781 1694 816 1728 A
850 1696 880 1729 Ε
919 1695 941 1730 s
978 1695 1010 1729 T
1046 1696 1081 1730 R
1115 1696 1138 1729 1
1173 1695 1222 1730 o.

257 1757 381 1806 Scin’
400 1767 447 1803 te
470 1757 654 1818 periisse
677 1773 810 1803 nunc
839 1757 1039 1818 quidem
1066 1756 1202 1803 domi
1229 1755 1392 1803 certo?

622 1850 644 1884 s
681 1851 707 1882 c
743 1851 772 1883 E
809 1850 840 1883 Ι,
876 1851 907 1884 Ε
943 1853 978 1884 D
1013 1852 1048 1886 R
1083 1851 1120 1884 U
1156 1851 1195 1885 s.

1209 1910 1346 1956 Certa
1370 1925 1440 1956 res
1470 1922 1539 1961 est

255 1986 399 2034 Nunc
413 1995 631 2032 nostrum
649 1985 891 2031 observare
912 1984 1087 2031 ostium
1098 2019 1112 2042 ‚
1129 1982 1315 2030 ubiubi
1332 1983 1405 2029 sit.

582 2070 612 2103 P
647 2070 682 2103 A
717 2070 748 2104 1.
784 2069 820 2103 A
855 2069 886 2103 Ε
923 2069 945 2103 s
984 2069 1016 2101 Τ
1052 2070 1086 2102 R
1121 2069 1141 2100 1
1179 2067 1230 2101 o.

939 2130 1031 2187 At,
1061 2129 1304 2189 Sceledre,
1331 2147 1537 2192 quaeso,
1614 2187 1618 2198 ἱ

256 2205 323 2253 Ut
347 2205 408 2252 ad
435 2203 487 2251 id
523 2206 800 2266 exemplum
839 2204 1080 2251 somnium
1115 2220 1261 2266 quam
1285 2204 1434 2250 simile
1464 2219 1538 2250 so-
1614 2200 1618 2219 ³

511 2277 713 2324 mniavit
729 2312 744 2336 ‚
1406 2313 1411 2317 ,

259 2351 421 2417 Atque
448 2364 506 2400 ut
533 2363 590 2398 tu
628 2353 883 2415 suspicatus
918 2369 964 2400 es
992 2368 1097 2400 earn
1130 2351 1298 2403 vidisse
1328 2361 1378 2398 te
1401 2361 1534 2395 oscu-

507 2425 712 2473 lantem!
