1618 2866
115 195 247 238 ma
412 180 707 232 ACTUS
757 182 840 228 11.
890 179 994 229 sc,
1042 182 1116 229 11.
1310 184 1400 247 167Α

470 300 1046 338 CYLINDRUS.

119 353 484 407 Peniculum.'

495 433 1008 486 MESSENIo.

382 494 587 543 Eccum!
619 497 669 542 in
696 495 863 541 vidulo
885 494 1063 539 salvom
1090 489 1202 537 fero.

474 588 501 620 c
535 587 571 620 Y
605 587 636 620 1.
671 588 690 620 1
724 587 758 619 N
792 587 828 619 D
863 587 897 619 R
933 583 968 616 U
1005 583 1042 617 s.

123 649 459 704 Menaechme,
487 663 689 694 numero
715 647 812 694 huc
833 645 1024 693 advenis
1051 643 1111 691 ad
1127 642 1396 706 prandium.

125 721 267 767 Nunc
299 720 531 767 obsonatu
565 719 726 766 redeo.

419 805 462 838 M
497 803 526 837 Ε
563 806 598 839 Ν
636 806 671 838 Α
708 805 737 837 Ε
774 804 801 836 c
839 802 872 835 Η
907 801 951 834 Μ
986 802 1021 835 U
1060 801 1097 834 s.

699 864 953 927 Responde
981 864 1126 921 mihi,

122 937 433 996 Adulescens,
466 937 642 999 quibus
675 938 752 984 hic
774 936 933 999 pretiis
961 936 1094 997 porci
1119 947 1332 983 veneunt

121 1010 276 1059 Sacres
307 1014 502 1060 sinceri?
1307 1011 1310 1014 ’

459 1100 486 1131 c
527 1099 559 1131 Y
594 1099 623 1131 L
662 1095 683 1130 1
716 1097 751 1130 N
786 1098 822 1130 D
860 1098 894 1131 R
929 1096 965 1129 U
1004 1096 1043 1130 s.

470 1157 703 1204 Nummo.

413 1243 456 1276 M
491 1242 521 1274 E
558 1243 592 1277 N
628 1241 662 1275 A
696 1241 727 1274 E
764 1242 791 1274 C
827 1241 861 1274 H
901 1240 944 1274 M
980 1239 1016 1272 U
1052 1237 1091 1273 S.

734 1301 860 1347 Eum
894 1317 920 1346 a
946 1317 1026 1346 me
1055 1300 1225 1361 accipe.

119 1371 248 1430 Jube
271 1384 320 1421 te
340 1375 455 1437 piari
482 1374 542 1421 de
569 1392 675 1421 mea
695 1374 910 1436 pecunia.

126 1444 249 1490 Nam
276 1462 363 1510 ego
394 1446 591 1507 quidem
618 1447 836 1492 insanum
866 1460 959 1491 esse
985 1455 1034 1490 te
1061 1454 1189 1490 certo
1216 1444 1340 1501 scio,

126 1517 229 1587 Qui
252 1519 372 1565 mihi
399 1521 623 1565 molestus
654 1520 843 1565 homini
872 1520 1066 1583 ignoto,
1099 1517 1312 1578 quisquis
1338 1533 1395 1562 es.

468 1612 496 1644 c
533 1612 566 1644 Y
603 1612 633 1644 1.
668 1609 690 1644 1
722 1611 756 1644 N
790 1613 825 1644 D
864 1612 898 1644 R
934 1611 970 1643 U
1007 1609 1044 1642 s.

128 1668 380 1718 Culindrus
409 1678 496 1736 eg'o
519 1688 646 1717 sum:
671 1686 772 1717 non
792 1670 917 1716 nosti
940 1684 1122 1715 nomen
1150 1667 1349 1714 meum?

423 1764 466 1796 M
501 1764 530 1796 E
565 1765 599 1797 N
635 1763 669 1796 A
703 1763 733 1796 Ε
771 1764 798 1796 c
834 1764 868 1796 Η
904 1764 947 1796 Μ
982 1763 1018 1795 U
1054 1762 1092 1796 s.

130 1821 229 1882 Seu¹
248 1833 304 1869 tu
332 1822 586 1870 Culindrus
602 1858 617 1881 ,
642 1839 722 1868 seu
753 1821 1033 1868 Coliendrus
1049 1856 1063 1879 ‚
1093 1822 1293 1883 perieris.

131 1894 229 1960 Ego
258 1907 307 1942 te
331 1910 433 1942 non
459 1897 601 1955 novi,
625 1913 787 1958 neque
812 1897 997 1943 novisse
1025 1895 1144 1942 adeo
1173 1898 1301 1943 volo.

475 1991 502 2023 C
539 1990 573 2023 Y
609 1990 639 2023 L
674 1991 694 2022 1
729 1990 763 2022 N
797 1991 832 2023 D
865 1990 901 2023 R
936 1990 971 2023 U
1008 1989 1046 2023 S.

135 2047 215 2092 Est
228 2047 316 2094 tibi
329 2049 641 2096 Menaechmo
659 2063 839 2095 nomen
857 2060 1046 2096 tantum
1059 2084 1074 2106 ‚
1094 2047 1398 2111 quod-sciam.

429 2142 471 2175 M
506 2143 535 2174 Ε
570 2143 604 2175 Ν
638 2143 674 2175 Α
705 2143 735 2174 Ε
776 2143 802 2174 c
841 2142 874 2174 H
910 2143 952 2175 M
989 2140 1023 2174 U
1060 2141 1097 2174 s.

138 2198 228 2242 Pro
247 2213 356 2244 sano
377 2200 581 2260 loqueris
594 2235 608 2258 ,
641 2217 795 2261 quom
815 2214 895 2247 me
920 2203 1122 2264 appellas
1146 2201 1357 2248 nomine.

139 2271 232 2318 Sed
258 2271 342 2318 ubi
360 2267 529 2320 novisti
553 2274 666 2320 me?

473 2359 500 2391 c
534 2360 569 2394 Y
602 2361 632 2394 1.
670 2347 762 2394 ΙΝ
796 2361 832 2392 D
868 2361 901 2393 R
936 2358 971 2391 u
1008 2357 1047 2391 s,

655 2420 752 2466 Ubi
779 2436 865 2484 ego
891 2431 939 2466 te
964 2418 1211 2467 noverim?

1149 2493 1249 2553 L4
