1618 2866
95 176 192 232 ἰαί
382 165 675 214 ACTUS
728 166 807 211 11.
862 162 960 212 SC.
1013 163 1053 210 Ι.
1284 162 1372 226 1'63

501 283 532 315 E
567 283 602 317 R
636 282 668 315 o
706 282 738 315 Τ
772 283 792 315 1
828 281 865 315 u
899 281 957 315 M.

98 343 228 408 Ego,
260 352 308 389 et
338 342 707 399 Menaechmus,
732 352 780 388 et
809 341 1035 388 Parasitus
1061 342 1172 406 ejus.
1243 379 1251 386 .

98 433 101 435 >
453 427 480 458 c
515 426 550 459 Y
584 427 616 459 1.
650 427 672 459 1
705 427 737 459 N
772 427 808 459 D
844 427 878 459 R
916 425 950 458 U
987 426 1038 465 s*

804 484 913 543 Jam
946 485 1020 530 isti
1045 498 1156 532 sunt
1187 485 1376 535 decem:

102 559 227 605 Nam
242 557 465 620 parasitus
492 567 604 603 octo
629 556 889 603 hominum
910 573 1087 604 munus
1109 556 1244 606 facile
1269 559 1382 606 fun-

351 631 489 695 gitur.

507 714 540 747 E
574 715 608 748 R
646 714 678 747 o
717 715 748 747 Τ
783 715 804 748 1
841 715 876 748 U
913 715 971 749 M.

103 776 302 822 Elocuta
327 789 434 820 sum
461 773 714 830 convivas,
745 784 959 820 ceterum
987 790 1110 822 cura.

441 865 1019 901 CYLINDRUS.

1134 919 1282 968 Licet.

106 980 253 1028 Cocta
279 991 402 1028 sunt.
426 981 547 1045 jube
574 981 640 1026 ire
669 982 958 1029 accubitum.

509 1046 967 1101 ERo'rlu-M.

809 1127 1066 1174 Redicito.

456 1210 1036 1249 cYLINDRUs.

934 1274 1044 1333 Jam
1067 1291 1155 1341 ego
1181 1277 1259 1324 hic
1288 1295 1382 1329 ero.

386 1401 891 1460 ACTUS
989 1405 1088 1466 ΙΙ.

532 1527 569 1573 S
602 1526 642 1573 C
667 1527 711 1574 E
737 1528 792 1574 N
816 1530 857 1575 A
921 1530 961 1575 Ι.

160 1635 648 1675 MENAECHMUS
679 1628 881 1676 Sosicles,
922 1641 1320 1679 MESSENIO.

399 1766 1072 1803 MENAECHMUS.

114 1812 397 1924 N‘ULLA
427 1880 481 1924 ’st
507 1882 724 1943 voluptas
748 1883 941 1940 navitis,
965 1884 1225 1942 Messenio,

117 1947 266 2012 Major
280 1985 294 2008 ,
316 1969 427 1998 meo
450 1954 638 2011 animo,
665 1971 812 2015 quam
837 1973 990 2017 quom
1011 1973 1072 2003 ex
1093 1959 1189 2004 alto
1218 1957 1388 2019 procul

118 2019 312 2069 Terram
341 2026 651 2087 conspiciunt.

493 2113 537 2146 M
571 2116 601 2147 Ε
639 2115 661 2148 s
699 2115 721 2148 s
757 2116 786 2148 Ε
827 2117 862 2150 N
896 2117 918 2148 1
955 2117 1002 2150 ο.

665 2174 848 2237 Major,
876 2191 978 2220 non
1007 2175 1162 2221 dicam
1193 2176 1338 2233 dolo,

126 2233 175 2281 Si
198 2234 447 2285 adveniens
470 2251 640 2292 terram
664 2248 820 2293 videas
835 2282 848 2303 ‚
878 2265 1000 2308 quae
1030 2248 1171 2293 fuerit
1200 2260 1296 2293 tua.

126 2308 220 2356 Sed
250 2326 447 2372 quaese,
480 2319 791 2374 quamobrem
813 2335 944 2367 nunc
968 2320 1293 2383 Epidamnum
1310 2333 1390 2365 ve·

373 2383 561 2433 nimus?

1076 2461 1116 2505 L
1143 2475 1167 2508 2
