1618 2866
90 202 186 239 ἰι
387 185 671 234 ACTUS
718 185 819 233 IV.
869 184 975 233 SC.
1024 186 1062 231 1.
1278 185 1367 242 187

368 357 846 416 ¹ACTUS
923 356 1066 413 IV.

463 457 931 549 ⁴SCENAJ.

162 640 594 679 MULIER,
679 641 1311 678 PENICULUS.

531 770 921 805 MULIER-

95 824 370 938 EGONE
408 888 488 933 hic
520 904 600 934 me
640 888 788 949 patiar
822 889 873 934 in
906 889 1248 945 matrimonio,
1291 924 1299 931 .

96 957 193 1005 Ubi
222 959 293 1005 vir
322 960 534 1020 conpilet
568 962 841 1006 clanculum
871 961 1116 1022 quidquid
1146 962 1280 1008 domi
1295 962 1379 1021 ’st‚

97 1030 262 1094 Atque
293 1032 355 1078 ad
374 1033 574 1078 amicam
604 1032 782 1078 deferat
795 1033 818 1078 ?
897 1044 918 1049 ’“

447 1139 1014 1175 PENICULUS.

804 1202 940 1272 Quin
972 1213 1028 1248 tu
1058 1212 1206 1248 taces
1195 1201 1217 1235 Ρ

101 1275 351 1324 Manifesto
368 1260 511 1323 faxo
491 1289 591 1341 jam
610 1277 867 1339 opprimes.
892 1292 1088 1336 sequere
1106 1277 1194 1322 hac
1210 1276 1374 1323 modo.

102 1349 279 1395 Pallam
314 1349 374 1395 ad
398 1349 715 1413 phrygionem
747 1366 859 1396 cum
889 1364 1064 1394 corona
1094 1348 1249 1394 ebrius

103 1419 328 1478 Petebat,
358 1419 503 1466 hodie
531 1421 622 1467 tibi
651 1437 798 1482 quam
822 1420 1059 1481 subripuit
1084 1419 1246 1466 domo.

104 1490 199 1537 Sed
215 1507 370 1538 eccam
385 1507 626 1550 coronam,
647 1510 792 1554 quam
808 1493 989 1538 habuit.
1006 1508 1127 1537 num
1142 1489 1381 1536 mentior?

99 1563 261 1609 Hem!
294 1565 380 1610 hac
409 1566 548 1611 abiit:
597 1567 632 1611 si
665 1566 733 1612 vis
754 1565 975 1625 persequi
996 1564 1211 1626 vestigiis.

100 1635 263 1697 Atque
287 1638 459 1699 edepol
481 1655 649 1685 eccum
676 1650 877 1700 optume
905 1638 1187 1685 revortitur:

101 1707 196 1756 Sed
215 1711 390 1771 pallam
422 1726 525 1757 non
554 1711 657 1758 fert.

546 1813 589 1844 M
621 1811 658 1843 u
688 1810 720 1844 1,
753 1811 776 1843 1
810 1810 842 1843 Ε
877 1810 925 1842 R.
961 1825 969 1833 -

490 1880 628 1950 Quid
658 1896 747 1944 ego
775 1894 908 1936 nunc
933 1893 1046 1923 cum
1067 1876 1178 1923 illoc
1203 1877 1376 1943 agam?

462 1977 491 2009 1²
527 1976 558 2008 E
594 1977 627 2008 N
662 1975 684 2007 1
722 1975 748 2007 c
784 1975 821 2007 u
856 1974 888 2007 L
923 1973 958 2005 u
994 1973 1032 2007 s.

108 2041 243 2090 Idem
274 2045 410 2107 quod
436 2061 620 2108 semper
636 2079 651 2103 ‚
685 2046 809 2091 male
837 2045 1019 2092 habeas.

543 2146 931 2180 MULIER.

1022 2205 1314 2254 Siccenseo.

456 2288 1026 2335 PssnrcuLus.

113 2352 225 2398 Huc
255 2353 587 2402 concedamus:
615 2373 676 2403 ex
706 2357 882 2404 insidfis
908 2374 1107 2419 aucupa.
