1618 2866
47 149 177 199 214
308 127 599 181 ACTUS
644 125 746 174 IV.
802 121 910 171 SC.
959 118 1075 169 111.
1237 132 1335 184 431·

232 242 1157 293 PYRGOPOLINICES.

311 317 501 379 Ecquid
527 315 656 362 fortis
682 313 777 359 visa
797 310 896 357 est?

367 404 396 437 Ρ
436 396 1016 435 ALAESTRIO.

923 456 1102 502 Omnia

55 527 396 581 Visobtinere.

248 605 1148 646 PYRGOPOLINICES.

411 673 507 721 Ubi
532 682 734 718 mattem
764 685 859 717 esse
888 670 1016 716 aibat
1048 686 1176 717 soror
1191 667 1215 715 ἱ)

368 763 1017 800 PALAESTRIO.

57 830 246 878 Cubare
274 829 327 874 in
358 827 467 875 navi
494 827 675 888 lippam
699 837 844 886 atque
875 825 1023 870 oculis
1055 823 1250 890 turgidis
1263 855 1281 883 ,

43 903 318 950 ‘Nauclerus
343 900 464 946 dixit
480 933 494 956 ,
525 899 613 959 qui
644 898 742 943 illas
771 897 990 954 advexit,
1017 898 1149 944 mihi.

54 976 104 1023 Is
135 975 198 1022 ad
226 975 311 1021 hos
338 974 584 1020 nauclerus
612 970 818 1033 hospitio
847 970 1114 1017 divertitur.

259 1062 1167 1101 PYRGOPOLINICE&

63 1127 201 1197 Quid
228 1127 299 1172 is?
333 1124 510 1186 ecquid
535 1123 697 1170 fortis?

380 1211 408 1243 P
444 1211 479 1243 A
514 1209 546 1243 L
582 1210 617 1242 A
651 1209 682 1242 E
718 1208 741 1243 S
777 1209 809 1242 Τ
843 1209 878 1242 R
913 1209 935 1242 I
970 1209 1020 1243 Ο.

240 1312 245 1315 ,
568 1267 665 1314 Abi
683 1268 739 1313 sis
764 1268 899 1314 hinc.
926 1284 1039 1314 nam
1068 1277 1125 1314 tu
1151 1266 1351 1330 quidem

66 1342 146 1390 Ad
175 1359 318 1406 equas
347 1312 475 1388 fuisti
497 1342 634 1388 scitus
664 1341 952 1387 admissarius
971 1375 986 1399 ,

67 1417 173 1486 Qui
203 1427 465 1464 consectare
497 1432 592 1478 qua
621 1433 770 1462 mares
783 1450 797 1473 ‚
826 1432 922 1477 qua
950 1414 1158 1461 feminas.

260 1506 1165 1544 PYRGOPOLINICES.

68 1569 178 1617 Hoc
203 1587 287 1636 age
311 1587 457 1617 nunc.
1223 1563 1228 1568 ’

386 1658 417 1691 1³
452 1656 488 1690 A
521 1656 553 1689 I.
588 1657 624 1690 A
657 1655 688 1690 E
726 1656 749 1690 S
783 1656 815 1690 'l'
850 1657 884 1691 R
918 1656 941 1690 Ι
979 1658 1029 1691 Ο.

486 1719 627 1764 Istuc.
912 1752 916 1756 -

263 1803 1173 1838 PYRGOPOLINICES.

250 1879 252 1881 ·
648 1862 802 1932 Quod
829 1861 907 1907 das
937 1861 1188 1907 consilium
1208 1859 1356 1909 mihi?

75 1932 150 1979 Te
175 1948 288 1980 cum
321 1935 400 1980 issa
422 1934 567 1980 verba
590 1933 739 1995 facere
768 1934 828 1979 de
857 1934 942 1980 ista
968 1951 1018 1979 re
1048 1935 1191 1984 volo3

50 2068 54 2071 Δ
77 2005 202 2052 Nam
234 2022 345 2051 cum
367 2007 446 2053 illa
464 2023 574 2052 sane
602 2023 839 2071 congruus
870 2023 1023 2052 sermo
1052 2006 1154 2052 tibi.

395 2096 423 2129 P
459 2096 495 2131 A
530 2097 562 2130 1.
596 2098 631 2130 A
664 2098 695 2130 Ε
732 2097 754 2130 s
791 2096 823 2128 ‘r
858 2098 892 2130 R
926 2096 947 2128 1
984 2097 1032 2129 o.

81 2154 219 2224 Quin
246 2155 429 2214 potius,
456 2173 611 2218 quom
645 2168 751 2204 tute
790 2156 928 2214 ades,
963 2168 1097 2203 tuam
1122 2171 1226 2204 rem
1254 2166 1360 2204 tute

334 2242 447 2290 3333·

84 2299 223 2347 Dicas
252 2314 453 2345 uxorem
479 2301 570 2346 tibi
599 2317 840 2349 necessum
871 2318 964 2349 esse
991 2264 1162 2349 ducere
1177 2337 1193 2363 ,

83 2373 324 2436 Cognatos
350 2372 626 2434 persuadete
640 2408 658 2435 ,
684 2375 857 2428 amicos
884 2391 1064 2441 cogere.
