1618 2866
67 169 194 206 v.1o
335 147 631 198 ACTUS
687 144 927 192 11..SC.
983 141 1088 190 IV.
1254 158 1343 205 593

395 267 418 300 S
455 267 490 300 A
527 266 559 298 G
596 266 630 299 A
664 267 698 299 R
733 265 753 298 Ι
790 264 813 298 S
847 264 878 298 Τ
914 263 935 296 Ι
973 262 1020 296 Ο.

69 329 256 378 Dicisne
285 328 432 384 mihi,
463 327 545 372 ubi
569 327 626 372 sit
646 324 878 371 Toxilus?

459 425 487 458 P
523 425 555 458 A
593 424 624 457 E
662 423 695 456 G
730 422 762 456 N
798 421 818 455 I
855 420 891 454 U
926 421 985 454 Μ.

661 483 809 539 Dico,
832 492 887 526 ut
915 489 1151 542 perpetuo
1173 492 1346 543 pereas.

88 608 91 609 ν
393 579 418 612 S
454 579 489 612 A
524 577 557 611 G
595 578 628 611 A
666 580 699 612 R
735 578 754 610 1
791 576 814 610 S
851 576 882 608 Τ
917 577 939 609 Ι
977 576 1024 609 0.

71 640 277 689 Caeder‘e
302 640 446 687 hodie
467 651 523 686 tu
551 639 759 685 restibus.

453 732 482 765 P
518 731 553 764 A
587 731 618 764 E
655 729 687 764 G
722 732 755 764 N
792 730 812 765 I
848 730 884 764 U
921 730 974 764 Μ.

552 791 659 837 Tua
695 791 919 851 quidem,
949 789 1144 846 cucule,
1167 804 1342 837 caussa:

68 864 181 912 Non
202 865 374 921 hercle,
393 864 427 910 si
447 880 496 928 qs
522 862 804 925 perciderim
822 863 926 919 tibi,
950 873 1183 921 metuam,
1204 877 1339 907 mor-

222 932 227 938 ’
322 938 478 982 ticine.

397 1031 420 1064 S
458 1030 492 1063 A
529 1027 561 1061 G
598 1028 633 1060 A
669 1029 702 1062 R
737 1027 757 1060 I
795 1026 818 1060 S
856 1024 887 1060 T
921 1026 942 1058 I
979 1026 1024 1059 Ο.

68 1088 224 1136 Video
251 1105 338 1154 ego
362 1100 432 1136 te:
459 1091 559 1153 jam
583 1087 868 1155 incubitatus
894 1102 952 1130 es.

456 1185 486 1219 P
527 1184 562 1216 A
598 1183 628 1215 E
668 1183 700 1215 G
735 1182 768 1214 N
802 1180 823 1213 Ι
860 1180 895 1212 U
931 1179 988 1213 M.

502 1247 573 1292 Ita
602 1261 719 1289 sum.
749 1243 870 1304 quid
899 1240 952 1287 id
981 1241 1149 1287 attinet
1175 1238 1235 1288 ad
1266 1241 1346 1288 te?

70 1319 134 1367 At
161 1336 264 1368 non
296 1336 402 1368 sum
432 1319 519 1375 ita,
550 1328 606 1362 ut
633 1327 713 1372 tu,
743 1314 910 1379 gratiis·

394 1411 419 1445 S
454 1410 490 1444 A
526 1409 559 1443 G
593 1409 628 1442 A
662 1409 695 1442 R
730 1407 750 1440 I
788 1407 811 1440 S
850 1407 881 1439 T
916 1407 938 1439 1
973 1408 1018 1441 Ο.

770 1468 1051 1514 Confidens!

457 1566 487 1598 1>
522 1563 557 1596 A
591 1564 622 1596 E
661 1563 693 1596 G
729 1564 761 1596 N
802 1562 822 1594 1
861 1561 895 1593 u
932 1562 989 1594 Μ.
1201 1604 1205 1608 ¹

901 1619 1019 1666 Sum
1044 1621 1197 1666 hercle
1218 1638 1346 1668 vero.

72 1695 195 1742 Nam
221 1699 308 1759 ego
338 1711 418 1741 me
447 1695 638 1741 confido
665 1694 868 1740 liberum
893 1693 1023 1751 fore,
1050 1705 1107 1740 tu
1132 1705 1179 1739 te
1199 1710 1343 1740 num-

331 1784 475 1828 quam
510 1784 675 1828 speras.

53 1909 61 1914 .
398 1860 421 1893 S
460 1860 495 1893 A
531 1860 563 1893 G
600 1861 633 1893 A
672 1863 706 1894 R
740 1861 760 1893 I
797 1860 820 1894 S
856 1860 888 1893 T
922 1859 944 1893 Ι
979 1860 1024 1893 Ο.

77 1920 228 1969 Potin’
243 1954 259 1978 ,
291 1931 348 1967 ut
370 1921 594 1967 molestus
621 1936 681 1966 ne
704 1921 785 1965 sies
801 1920 823 1965 ?

461 2016 490 2049 P
526 2017 562 2049 A
595 2017 626 2049 Ε
665 2017 695 2050 G
734 2017 766 2048 Ν
802 2016 823 2048 Ι
859 2015 895 2048 U
921 2016 989 2048 M.

591 2075 745 2144 Quod
772 2074 882 2118 dicis
897 2107 911 2129 ,
949 2072 1096 2117 facere
1114 2087 1214 2117 non
1233 2071 1351 2132 quis.

404 2162 427 2196 s
462 2164 496 2197 A
532 2164 565 2196 G
602 2164 636 2197 A
673 2165 704 2196 R
741 2164 760 2195 1
797 2164 820 2196 s
858 2163 890 2195 Τ
933 2164 953 2195 1
989 2163 1033 2195 o.

72 2220 175 2267 ·Abi
201 2220 252 2265 in
275 2222 444 2268 malam
475 2240 591 2270 rem.

471 2314 994 2350 PAEGNIUM.

223 2372 285 2418 At
301 2383 356 2419 tu
381 2374 608 2421 domum:
628 2392 737 2422 nam
756 2374 822 2421 ibi
841 2374 924 2420 tibi
946 2383 1103 2435 parata
1117 2389 1247 2433 praes
1266 2383 1346 2418 est.

151 2445 236 2493 Vol.
265 2446 329 2490 ΙΙ.
1042 2446 1078 2490 Ρ
1101 2461 1134 2505 p
