1618 2866
120 161 226 206 my
379 123 670 194 Αοτυὲ
719 142 820 192 1v.
879 140 1147 191 sc,111.
1320 154 1412 205 303

129 246 310 303 Vidisse
338 270 444 300 eam
477 253 618 300 credo
650 251 903 298 mulierem
933 251 984 296 in
1012 249 1219 296 aedibus.

130 327 226 375 Sed
257 343 381 388 quae
408 329 636 388 loquatur
652 360 665 382 ‚
691 323 914 370 exaudire
939 323 1052 369 hinc
1078 338 1181 369 non
1217 338 1361 384 queo.

133 402 370 449 Accedam
399 402 611 463 propius.

397 471 401 475 ’
554 487 591 520 D
629 486 661 518 o
699 486 733 519 R
766 485 788 518 1
823 485 852 519 P
891 486 920 518 P
956 486 1006 518 A.

587 544 688 591 Vae
713 545 906 591 miserae
930 545 1075 606 mihi!

461 630 1115 678 LYs'1MAcnUS.

1100 703 1419 752 Immomihi.

559 779 1012 816 DORIPPA.

136 828 363 900 Disperii!

163 945 170 950 .
461 913 491 946 L
528 913 563 945 Y
599 912 621 945 S
659 912 679 944 Ι
719 912 763 945 Μ
802 911 835 944 A
877 912 903 943 C
944 911 979 944 H
1019 911 1054 943 U
1092 911 1132 945 S.

326 975 429 1038 Ego
462 972 663 1033 quidem
696 972 852 1016 hercle
882 971 1066 1038 oRpido
1098 970 1219 1031 perii
1248 970 1418 1016 miser!

136 1048 283 1096 Vidit.
308 1058 365 1092 ut
397 1060 561 1090 omnes
584 1054 660 1100 te,
688 1042 935 1104 Demipho
952 1077 965 1100 ,
989 1042 1072 1088 Dii
1099 1042 1354 1106 perduint!

562 1138 598 1170 D
638 1137 669 1169 o
710 1138 743 1170 R
778 1136 799 1168 1
837 1137 864 1168 P
900 1137 929 1169 P
965 1137 1014 1169 A.

137 1203 227 1249 Pol
248 1203 341 1247 hoc
366 1211 461 1257 est,
489 1200 556 1244 ire
587 1197 724 1258 quod
752 1214 829 1244 rus
857 1215 991 1244 meus
1018 1199 1091 1245 vir
1116 1199 1292 1244 noluit.

464 1296 494 1328 L
530 1296 566 1328 Y
602 1296 624 1329 s
661 1296 682 1328 1
718 1296 761 1328 M
796 1295 832 1329 A
867 1296 894 1327 c
930 1296 965 1328 Η
1006 1295 1042 1328 U
1080 1296 1119 1330 s.

140 1357 278 1427 Quid
313 1372 443 1403 nunc
476 1372 564 1419 ego
597 1354 795 1412 faciam,
831 1354 920 1400 nisi
954 1366 1011 1402 ut
1044 1355 1245 1414 adeam,
1277 1367 1424 1418 atque
1480 1355 1483 1358 ’

393 1427 637 1488 alloquar?

134 1502 284 1562 Jubet
317 1502 491 1548 salvere
522 1517 633 1547 suus
661 1501 733 1547 vir
762 1516 966 1547 uxorem
989 1517 1134 1546 suam.

136 1575 319 1622 Urbani
347 1574 473 1621 fiunt
507 1574 681 1620 rustici.

560 1661 597 1693 D
633 1660 666 1692 o
702 1660 736 1692 R
770 1659 791 1691 1
828 1660 857 1692 P
895 1660 923 1692 P
958 1659 1008 1692 A.
1052 1641 1059 1647 “

714 1718 937 1765 Pudicius

142 1792 338 1840 Faciunt
369 1794 464 1851 illi,
500 1809 649 1854 quam
677 1791 766 1853 qui
796 1807 899 1838 non
926 1791 1052 1838 fiunt
1087 1793 1261 1839 rustici.

262 1878 267 1882 ’
466 1894 497 1926 L
536 1895 570 1926 Y
607 1894 629 1927 s
665 1890 687 1927 1
723 1894 767 1927 M
803 1893 839 1926 A
874 1894 901 1926 c
938 1894 973 1927 H
1010 1893 1046 1926 U
1082 1894 1122 1928 s.

146 1950 278 1998 Num
309 1953 428 2014 quid
454 1954 750 2015 delinquunt
781 1954 980 2000 rustici?

336 2048 341 2050 ·
438 2019 445 2035 “
566 2041 603 2073 D
642 2041 674 2074 o
709 2042 744 2074 R
781 2041 803 2073 1
838 2041 866 2073 P
903 2041 932 2074 P
971 2040 1021 2073 A.

984 2101 1175 2146 Ecastor
1191 2135 1205 2158 ‚
1237 2101 1397 2147 minus

148 2170 313 2240 Quam
343 2172 546 2233 urbani,
584 2187 631 2222 et
665 2177 822 2222 multo
857 2176 1016 2222 minus
1051 2177 1165 2241 mali
1192 2188 1430 2237 quaerunt

399 2247 499 2293 sibi.

473 2332 503 2364 Ι.
539 2334 574 2366 Y
610 2333 632 2366 s
669 2335 690 2367 1
724 2335 767 2368 M
803 2335 839 2368 A
876 2334 903 2367 c
941 2335 976 2367 Η
1011 2335 1047 2368 U
1083 2335 1122 2368 s.

151 2390 289 2460 Quid
317 2401 482 2437 autem
511 2391 682 2438 urbani
708 2393 1052 2455 deliquerunt?
1086 2394 1163 2439 dic
1190 2393 1323 2438 mihi.
