1618 2866
222 162 320 221 558
445 161 1240 219 MOSTELL'ARIA.
1372 181 1502 235 vs'14

481 282 1272 324 CALLIDAMATES.

222 341 317 391 Sed
353 354 410 389 tu
441 342 560 388 istuc
592 343 714 404 quid
739 344 992 411 confugisti
1016 349 1069 395 in
1096 365 1222 396 aram
1252 349 1501 404 inscitissu'ff

475 415 618 460 mus?

674 501 706 534 T
742 504 777 536 R
812 502 846 536 A
875 502 916 535 N
951 501 972 534 Ι
1011 500 1061 535 Ο.

222 559 494 608 Adveniens
523 562 776 623 perterruit
807 578 900 608 me.
944 563 1145 623 loquere
1179 576 1312 609 nunc
1328 594 1344 620 ,
1380 561 1500 625 quid

236 687 242 691 K
364 640 367 643 ’
478 633 697 680 fecerim:

222 708 368 757 Nunc
393 710 642 770 utriusque
673 708 978 769 disceptator,
999 722 1193 766 eccum,
1219 708 1369 757 adest:
1396 725 1509 777 age,

477 783 676 844 disputa.

516 869 547 902 Τ
583 868 621 901 Η
651 868 682 900 Ε
719 867 754 900 U
790 867 824 901 R
859 867 891 901 ο
927 867 959 900 P
992 866 1015 900 1
1048 867 1086 900 D
1119 868 1152 902 Ε
1188 868 1227 903 s.

221 927 399 975 Filium
426 928 694 990 conrupisse
719 928 793 991 aj0
821 938 868 973 te
891 943 1070 977 meum.
1127 952 1138 992 .'

681 1028 1064 1063 TRANIO.

1093 1088 1317 1138 Ausculta
1341 1091 1508 1141 modo.

224 1164 392 1210 Fateor
411 1161 701 1226 peccavisse,
734 1159 933 1205 amicam
951 1159 1191 1220 liberasse,
1218 1163 1410 1211 absente
1427 1176 1502 1211 te:

226 1237 399 1284 I⁴enori
433 1247 684 1301 argentum
717 1234 927 1282 sumsisse
946 1268 962 1292 ,
1006 1234 1058 1280 id
1099 1252 1192 1282 esse
1233 1237 1509 1286 absumtum

478 1308 714 1371 praedico.

225 1384 483 1445 Numquid
500 1382 630 1428 aliud
661 1382 802 1438 fecit,
837 1382 923 1427 nisi
949 1382 1085 1443 quod
1112 1383 1291 1434 faciunt
1315 1386 1509 1437 summis

479 1456 610 1520 gnati
642 1455 925 1519 generibus?

519 1555 1235 1592 THEUROPIDES.

227 1621 400 1669 Hercle
430 1619 548 1667 rnihi
587 1629 750 1664 tecum
782 1618 1051 1665 cavendum
1072 1619 1148 1666 ’stz
1186 1621 1326 1668 nimis
1361 1637 1509 1683 quarn

484 1711 529 1740 es
566 1703 721 1739 orator
755 1702 896 1740 catuS.

491 1793 1283 1829 CALLIDAMATES.

229 1865 341 1913 Sine
379 1878 459 1909 me
493 1862 612 1926 dum
648 1862 766 1907 istuc
796 1861 1033 1926 judicare:
1074 1879 1240 1927 surge,
1284 1879 1371 1928 ego
1409 1865 1512 1913 istic
1558 1898 1570 1902 -

488 1935 712 1982 assedero.

525 2006 1242 2069 THEUROPIDES.

232 2105 459 2152 Maxume
473 2137 488 2163 ,
508 2102 707 2164 accipito
730 2101 850 2147 hanc
869 2100 930 2146 ad
949 2111 996 2146 te
1013 2099 1160 2146 litem.

690 2199 723 2232 Τ
759 2201 794 2234 R
831 2199 866 2232 A
902 2199 936 2232 N
975 2197 997 2230 1
1036 2198 1084 2231 o.

946 2258 1088 2305 Enim
1115 2259 1216 2306 istic
1245 2258 1402 2320 captio
1425 2255 1514 2306 est.

233 2336 350 2397 Fac,
381 2354 468 2404 ego
495 2353 556 2383 ne
576 2347 788 2383 metuam
815 2336 986 2402 igitur,
1023 2345 1079 2383 et.
1099 2344 1156 2383 ut
1185 2346 1239 2382 tu
1267 2350 1424 2382 meam
1453 2332 1510 2382 tiz

485 2428 611 2470 meas
637 2427 803 2460 vicem.
