1618 2866
74 178 211 221 ψη
392 151 1091 214 ACTUS1.sc.1.‘
1212 183 1351 236 „79

74 270 444 334 sedqui'dais?

467 351 981 391 THESPRIO.
1137 356 1174 392 Ο

333 425 664 495 Quidrogas?

459 519 953 555 EPIDICUS.

599 588 695 635 Ubi
722 605 849 635 arma
876 599 988 635 sunt
1014 587 1349 651 Stratippocli?

452 674 487 707 Τ
522 673 557 707 11
589 673 621 707 Ε
660 673 683 708 s
719 674 748 708 P
783 675 819 708 R
850 674 873 707 1
914 674 965 707 ο.

75 742 164 788 Pol
184 741 263 790 illa
287 741 347 789 ad
371 740 515 788 hostis
543 742 907 807 transfugerunt.

455 834 489 869 E
522 833 553 867 P
587 834 610 867 1
644 836 681 868 D
718 835 739 868 1
774 836 802 869 C
839 836 875 869 U
912 835 950 870 S·

755 903 996 952 Armane?

461 998 495 1031 Τ
531 997 567 1031 Η
600 998 631 1032 Ε
668 997 691 1032 S
725 998 755 1032 P
790 1000 824 1032 R
854 999 874 1032 Ι
911 1000 959 1033 Ο.

470 1067 481 1074 '
823 1067 986 1130 Atque
1013 1067 1213 1131 quidem
1240 1071 1349 1118 cito.

462 1159 496 1193 Ε
531 1158 560 1193 P
595 1160 617 1192 1
651 1161 688 1194 D
723 1160 745 1193 1
782 1162 809 1194 c
846 1163 885 1195 U
914 1148 960 1198 ὲ.

76 1227 268 1276 Serione
291 1227 404 1275 dicis
431 1229 521 1274 tu?

467 1313 501 1346 Τ
535 1314 571 1347 Η
604 1315 635 1348 Ε
673 1314 697 1348 3
731 1315 760 1348 P
795 1317 830 1350 R
863 1316 887 1349 1
922 1315 970 1351 o.

479 1383 485 1387 '
514 1378 672 1439 Serio,
689 1381 916 1442 inquam:
942 1383 1098 1430 hostes
1120 1384 1313 1431 habent.

462 1472 494 1506 Ε
528 1473 558 1506 P
593 1474 614 1507 1
650 1475 685 1508 D
722 1475 744 1508 1
784 1476 811 1509 c
850 1475 886 1509 U
922 1475 961 1510 s.

75 1539 262 1602 Edepol
290 1538 467 1586 facinus
500 1541 789 1603 inprobum!

457 1637 489 1670 Τ
524 1638 561 1671 Η
594 1638 624 1671 Ε
661 1638 684 1672 s
720 1639 748 1672 P
784 1640 819 1674 R
843 1640 875 1682 ΙΙ
910 1639 958 1674 ο.
1183 1686 1188 1690 .

529 1705 594 1753 At
610 1707 711 1771 jam
732 1720 843 1756 ante
867 1710 944 1756 alii
967 1708 1183 1757 fecerunt
1208 1708 1348 1756 idem.

74 1774 177 1823 Erit
199 1777 268 1824 illi
294 1778 373 1824 illa
395 1794 471 1825 res·
489 1779 677 1825 honori.

472 1871 503 1904 Ε
537 1871 566 1904 P
601 1871 623 1903 1
659 1871 695 1904 D
731 1871 753 1903 1
788 1871 816 1903 c
854 1870 890 1905 U
926 1870 964 1905 s.

679 1939 814 2010 Qui?

462 2031 495 2063 Τ
528 2030 565 2064 Η
596 2030 627 2064 Ε
664 2031 686 2065 s
719 2032 749 2064 P
784 2032 820 2066 R
854 2031 877 2064 1·
914 2032 964 2065 ο.

809 2100 938 2169 Quia
959 2109 1094 2145 antea
1119 2098 1216 2145 aliis
1243 2098 1347 2145 fuit.

469 2191 501 2224 E
535 2186 565 2225 P
599 2192 623 2224 1
656 2186 691 2225 D
727 2192 748 2225 1
783 2193 810 2226 c
842 2192 878 2225 U
914 2193 952 2227 s.

82 2256 314 2303 Mulciber
325 2292 339 2315 ,
355 2251 502 2307 credo
518 2295 533 2319 ‚
562 2276 688 2307 arma
709 2261 820 2308 fecit
831 2295 847 2321 ,
879 2277 1002 2323 quae
1029 2261 1198 2308 habuit
1227 2259 1349 2305 Stra-

330 2329 556 2390 tippocles
576 2350 588 2376 z

82 2404 455 2458 Travolaverunt
466 2407 527 2454 ad
537 2408 693 2455 hostis.
706 2419 814 2455 tum
826 2409 905 2455 ine
916 2418 1173 2472 prognatus
1187 2407 1349 2463 Theti,
