1618 2866
83 173 129 207 v.
158 155 219 209 26
399 151 690 200 ACTUS
753 138 830 198 11‘.
878 149 987 198 sc.
1032 150 1090 198 v.
1270 165 1365 218 595,

82 263 145 310 Ni
169 262 355 327 linguae
383 261 621 308 moderari
645 276 830 321 queam.
862 260 1014 322 potin’
1033 260 1167 306 abeas
1183 258 1219 318 Ξ),

477 355 507 387 P
542 353 578 386 A
611 353 641 386 Ε
681 352 713 386 G
748 354 783 386 Ν
822 353 843 386 1
882 353 916 386 u
951 350 1007 386 M.

1026 402 1187 468 Abigis
1215 403 1363 454 facile.

82 474 206 520 Nam
232 472 403 519 umbra
433 488 538 518 mea
567 470 690 517 intus
712 470 916 532 vapulat.

408 555 430 589 s
466 557 501 589 A
538 557 568 590 G
609 557 641 589 A
678 558 711 590 R
746 557 765 589 1
801 555 823 589 s
860 557 891 589 T
927 557 947 589 1
982 556 1031 589 o.

505 616 569 663 Ut
597 617 750 662 istunc
777 617 857 662 Dii
876 617 1105 678 Deaeque
1133 615 1360 677 perdant!

87 692 354 753 Tamquam
373 706 647 752 proserpens
667 691 811 736 bestia
826 725 840 749 ‚
869 703 936 737 est
960 692 1179 754 bilinguis
1205 705 1251 738 et
1267 707 1367 748 sce-g

102 763 107 768 ’
336 765 490 809 lestus.

94 835 263 903 Hercle
281 836 417 882 illum
446 835 605 881 abiisse
632 837 831 900 gaudeo.
851 835 958 882 foris
988 835 1178 896 aperite.
1204 849 1366 881 eccere

338 919 499 953 autem
516 942 529 964 ‚

87 981 252 1053 Quem
279 982 532 1027 convenite
561 997 785 1028 maxume
811 981 1094 1042 cupiebam,
1122 981 1365 1045 egreditut

346 1066 487 1100 mtus.

453 1183 843 1231 SCENA
942 1156 1017 1230 νζ

124 1325 1349 1366 TOX1·LUS,SAGARIST10,

290 1413 1171 1450 SOPHOCLIDISCA.

518 1491 527 1508 ι

511 1539 947 1575 T‘OXILUS.

94 1594 471 1706 PARATUM
492 1657 591 1719 jam
624 1672 716 1700 esse
745 1655 890 1701 dicito
911 1690 926 1712 ‚
956 1655 1088 1700 unde
1118 1666 1367 1719 argentum

348 1729 405 1772 sit
432 1727 676 1772 futurum:

87 1803 265 1862 Jubeto
299 1801 470 1847 habere
503 1801 719 1846 animum
748 1801 936 1847 bonum
954 1835 969 1857 ,
1010 1801 1087 1846 dic
1121 1818 1200 1847 me
1236 1802 1366 1848 illam

341 1889 495 1918 amare
529 1874 768 1918 multum:

96 1946 187 1994 Ubi
210 1963 257 1993 se
279 1948 446 1993 allevat
460 1981 475 2004 ‚
502 1947 569 1992 ibi
590 1963 669 1998 me
687 1944 866 1995 allevat.
894 1965 1016 2010 quae
1034 1949 1135 1995 dixi
1161 1959 1216 1993 ut
1241 1963 1369 2002 nun-f

348 2030 483 2065 nares
500 2053 515 2076 ,

96 2088 235 2136 Satin’
259 2107 312 2137 ea
338 2093 498 2139 tenes?

322 2175 1141 2211 SOPHocLIDISCA.

225 2236 369 2301 Magis
385 2239 554 2296 calleo,
574 2256 720 2299 quam
739 2255 1008 2302 aprugnum
1017 2239 1199 2286 callum
1215 2241 1365 2288 callet.

512 2325 544 2356 Τ
579 2325 614 2357 o
651 2326 689 2359 x
722 2326 743 2359 1
775 2325 806 2358 1.
844 2323 882 2359 u
913 2324 951 2362 S.
1290 2305 1293 2307 ’

99 2381 303 2443 Propera
318 2415 333 2439 ,
363 2381 439 2427 abi
466 2383 680 2431 domum.

983 2451 1020 2498 P
1045 2469 1077 2513 p
1115 2466 1140 2500 2
