1618 2866
82 178 215 234 vd}
377 170 669 221 ACTUS
720 172 803 218 ΙΙ.
857 169 972 219 SC.
1022 170 1105 218 11.
1269 161 1369 235 3219

81 279 335 344 Aggrediar
360 280 635 326 hominem:
665 290 714 324 et
737 294 798 325 en
819 277 1075 326 advorsum
1097 278 1135 325 it
1155 279 1302 340 quasi.

80 353 222 422 Quid
243 353 339 417 agis
352 388 365 410 ,
395 351 842 413 Periplectomene?

244 444 1221 480 PERIPLECTOMENES.

219 505 366 550 Haud
382 506 563 551 multos
588 502 807 550 homines
821 538 836 561 ,
858 505 896 550 si
913 504 1184 567 optandum
1201 505 1371 566 fuerit,

83 577 228 625 Nunc
249 578 410 625 videre
428 588 476 624 et
494 575 774 632 convenire,
794 592 942 636 quam
958 588 1006 623 te
1018 611 1033 635 ,
1051 578 1321 624 mavellem.

409 668 1056 715 PAULAESTRIO.

1099 723 1238 794 Quid
1267 724 1369 771 est?

84 786 226 858 Quid
253 787 419 852 negoti
436 786 527 832 'sti'

244 872 1223 908 PERIPLEGTOMENES.

375 932 467 978 Res
493 934 648 993 palam
675 933 742 978 ’st.

405 1019 433 1051 Ρ
472 1019 506 1050 Α
540 1019 570 1051 1.
608 1019 642 1050 A
676 1018 706 1050 Ε
744 1017 765 1050 s
802 1017 833 1050 T
871 1019 903 1050 R
939 1017 961 1050 1
996 1018 1044 1051 ο.

658 1076 797 1143 Quae
821 1091 891 1120 res
914 1077 1071 1136 palam
1086 1076 1172 1122 'sti'

242 1169 1228 1205 PERIPLECTOMENES.

1102 1233 1178 1279 De
1202 1235 1370 1299 tegulis

85 1303 240 1351 Modo
274 1302 432 1349 nescio
470 1302 576 1363 quis
616 1303 894 1367 inspectavit
926 1315 1198 1351 vostrorum
1233 1305 1370 1354 fami-

336 1375 523 1421 limium

83 1449 174 1496 Per
202 1459 419 1495 nostrum
460 1448 734 1509 inpluvium
768 1448 896 1494 intus
925 1449 1058 1511 apud
1089 1465 1176 1495 nos
1206 1450 1369 1497 Philo-

334 1522 594 1568 comasium
622 1533 769 1583 atque
797 1522 1038 1583 hospitem

82 1593 361 1641 Osculantis.

406 1681 436 1714 P
473 1680 507 1711 A
545 1679 575 1711 L
611 1679 646 1711 A
680 1678 710 1710 E
748 1678 771 1712 S
808 1679 839 1712 Τ
875 1681 909 1714 R
943 1680 964 1712 I
1000 1680 1048 1714 0.

248 1739 371 1810 Quis
391 1740 543 1785 homo
567 1738 687 1784 vidit
701 1738 723 1783 Ρ

242 1832 1225 1878 ΒΕΒΙΡΙΕΕΤΟΜΕΝΕΞ.

275 1889 278 1891 ’
453 1895 589 1939 Tuus
615 1910 862 1939 conservos
881 1906 963 1940 est.

404 1981 434 2013 P
471 1982 505 2013 A
541 1982 571 2013 L
606 1981 642 2013 A
679 1982 709 2013 E
746 1980 769 2013 s
806 1981 837 2012 T
874 1982 907 2014 R
943 1980 962 2012 1
1002 1979 1052 2012 ο.

870 2041 992 2108 Quis
1020 2040 1058 2085 is
1088 2040 1237 2087 homo
1266 2042 1366 2087 est?

246 2125 1223 2161 PERIPLECTOMENES.

88 2182 257 2230 Nescio
275 2218 289 2241 ‚
312 2185 375 2231 ita
400 2187 606 2247 abripuit
638 2197 834 2246 repente
859 2201 955 2229 sese
980 2184 1154 2231 subito.

412 2281 440 2312 P
477 2279 511 2312 A
545 2281 576 2313 L
611 2281 647 2313 A
682 2282 712 2313 E
750 2280 774 2313 S
811 2280 842 2312 T
878 2280 912 2312 R
946 2279 969 2312 1
1006 2279 1053 2312 Ο.

1148 2330 1367 2390 Suspicor

87 2394 170 2440 Me
204 2393 382 2456 periise.
