1618 2866
214 211 305 254 170
478 196 1212 248 MENAECHMEI.
1357 215 1485 266 v.52

206 321 350 366 Proin
378 331 434 366 tu
458 337 520 365 ne
551 337 652 378 quo
684 320 818 366 abeas
846 321 1032 385 longius
1061 322 1121 368 ab
1151 321 1358 370 aedibus.

208 392 464 454 Numquid
485 393 551 438 vis
565 393 587 438 P
993 438 996 441 ⁴

500 484 1182 526 MENAECH,MUS.

513 546 577 592 Ut
606 562 678 590 eas
706 561 982 591 maxumam
1012 545 1062 590 in
1092 545 1265 591 malam
1287 562 1489 592 crucem.

553 646 579 677 c
617 646 650 678 Y
687 645 716 677 L
754 644 774 676 1
811 646 844 677 N
882 645 916 676 D
955 645 988 678 R
1025 645 1060 678 U
1098 643 1135 677 s.

211 707 284 752 Ire
301 707 456 752 hercle
474 706 622 752 meliu
636 706 690 751 ’st
708 716 755 751 te
780 705 970 750 interim
985 741 997 760 ‚
1021 700 1173 767 atque*
1186 706 1493 764 accumbere,

213 779 347 825 Dum
385 796 472 842 ego
500 780 614 824 haec
642 793 834 839 appono
863 777 923 822 ad
946 777 1146 823 Volcani
1171 778 1461 824 violentiam.

214 854 305 899 Ibo
342 854 495 909 intro,
525 865 571 898 et
600 853 753 897 dicam
781 863 829 897 te
859 852 935 898 hic
962 863 1104 898 astare
1129 852 1289 897 Erotio
1307 886 1321 908 ,

215 927 281 973 Ut
308 937 355 972 te
382 927 493 973 hinc
519 926 725 972 abducat
741 961 754 982 ,
778 926 937 987 potius
964 942 1110 987 quam
1134 926 1211 972 hic
1233 936 1347 972 astes
1370 923 1490 970 foris,

511 1025 554 1056 M
591 1025 618 1056 Ε
654 1024 687 1056 Ν
723 1022 758 1055 A
792 1022 822 1054 Ε
861 1023 887 1054 c
927 1021 961 1054 Η
997 1020 1039 1053 Μ
1075 1020 1110 1054 U
1147 1019 1185 1054 s.

213 1094 384 1151 Jamne
411 1092 557 1138 abiit?
592 1092 764 1152 edepol
794 1089 924 1136 haud
954 1088 1199 1136 mendacia

220 1164 328 1210 Tua
350 1163 494 1209 verba
523 1163 737 1226 experior
773 1178 878 1207 esse.

607 1266 650 1299 M
686 1266 715 1297 Ε
754 1264 776 1297 3
813 1265 835 1297 3
873 1266 903 1297 Ε
941 1266 974 1298 Ν
1005 1265 1024 1296 1
1063 1264 1112 1296 o.

890 1325 1154 1371 Observato
1177 1323 1342 1371 modo.

224 1399 349 1444 Nam
366 1399 466 1444 istic
493 1398 786 1443 meretricem
815 1397 956 1443 credo
990 1396 1198 1442 habitare
1226 1394 1503 1450 mulierem,

225 1471 308 1518 Uti
353 1471 550 1533 quidem
592 1470 670 1515 ille
712 1469 898 1515 insanus
933 1468 1083 1524 dixit,
1121 1467 1207 1528 qui
1235 1467 1349 1512 hinc
1387 1465 1529 1511 abiit·

481 1543 646 1589 modo.

522 1638 564 1671 M
599 1639 628 1672 E
667 1639 701 1671 N
740 1636 772 1669 A
807 1636 837 1668 E
877 1636 903 1667 C
942 1634 976 1667 H
1012 1632 1054 1664 M
1092 1631 1127 1663 U
1165 1629 1202 1663 S.

232 1700 327 1748 Sed
353 1701 498 1747 miror
514 1735 528 1758 ,
557 1702 645 1761 qui
670 1701 749 1745 ille
775 1697 961 1744 noverit
989 1710 1170 1741 nomen
1196 1707 1376 1738 meum.

617 1800 659 1832 M
696 1799 725 1832 Ε
765 1798 787 1831 3
824 1797 846 1831 3
882 1798 911 1830 Ε
947 1796 982 1827 Ν
1017 1795 1035 1827 1
1075 1793 1123 1825 o.

231 1856 433 1903 Minime
460 1859 616 1904 hercle
642 1855 831 1902 initum.
871 1867 1058 1900 morem
1086 1851 1216 1896 hunc
1245 1846 1509 1894 meretrices

486 1932 686 1977 habent:

236 2005 314 2052 Ad
334 2017 531 2067 portum
558 2006 759 2052 mittunt
783 2003 986 2048 servolos
1001 2034 1014 2057 ‚
1050 1997 1285 2044 ancillulas
1301 2031 1316 2053 ‚

236 2078 284 2125 Si
312 2095 407 2139 qua
425 2079 666 2142 peregrina
695 2077 823 2123 navis
851 2075 902 2121 in
938 2084 1134 2136 portum
1161 2070 1383 2126 advenit,

237 2149 453 2213 Rogant,
486 2151 646 2214 cujatis
670 2149 726 2194 sit
742 2183 755 2206 ‚
782 2146 902 2208 quid
932 2146 973 2190 ei
1001 2159 1181 2190 nomen
1204 2141 1300 2187 siet.

237 2224 350 2270 Post
371 2225 476 2271 illae
501 2224 742 2286 extemplo
770 2239 816 2268 se
844 2220 1080 2282 applicant
1096 2253 1109 2275 ,
1139 2215 1445 2281 agglutinant.

240 2295 289 2342 Si
322 2297 649 2358 pellexerunt,
680 2294 923 2358 perditum
952 2292 1177 2338 amittunt
1201 2289 1416 2335 domumL

241 2370 386 2417 Nunc
406 2371 457 2416 in
483 2371 598 2417 istoc
619 2380 764 2431 portu
791 2378 879 2413 stat
905 2366 1034 2412 navis
1056 2362 1373 2427 praedatoria,

244 2444 339 2492 Abs
371 2460 466 2506 qua
486 2443 753 2493 cavendum
783 2440 920 2488 nobis
950 2455 1057 2486 sane
1083 2453 1262 2484 censeo.
