1618 2866
81 183 219 234 ‘'v-40
408 169 681 218 ACTUS
731 172 811 218 11.
860 169 963 220 SC.
1013 173 1052 220 1.
1273 187 1370 242 497

380 287 1098 324 PHILOLACRES.

15 335 20 339 ’
91 342 242 393 Perii!

547 418 579 452 Τ
613 419 648 452 R
681 418 719 452 A
752 419 788 453 Ν
823 419 845 451 1
884 419 935 452 ο.

192 479 331 526 Habe
353 477 541 524 bonum
558 478 796 524 animum:
826 495 915 542 ego
936 479 1080 525 istum
1094 479 1253 542 lepide
1270 498 1373 530 me-

795 551 989 598 dicabor
1013 564 1214 602 metum.

382 635 1097 689 PR1LoLAcREs.

90 703 261 748 Nullus
288 716 406 747 sum.

540 775 573 808 Τ
610 774 644 808 R
677 773 714 807 A
748 775 785 809 N
819 774 842 808 1
878 774 928 810 Ο.

120 838 349 885 Taceas:
376 852 493 900 ego,
509 835 595 896 qui
610 835 748 881 istaec
769 835 956 893 sedem,
979 834 1246 885 meditabor
1267 839 1370 887 tibi.

89 910 232 960 Satin’
255 911 427 967 habes,
449 910 484 954 si
513 925 601 972 ego
626 907 963 955 advenientem
990 908 1054 955 ita
1084 921 1270 971 patrem
1301 912 1370 959 fa-

310 983 432 1029 ciam
458 992 599 1026 tuum
614 1014 629 1037 ‚

89 1059 206 1106 Non
236 1055 385 1102 modo
419 1070 481 1099 ne
506 1055 736 1110 introeat,
766 1068 936 1099 verum
958 1053 1100 1099 etiam
1135 1065 1190 1100 ut
1222 1055 1371 1120 fugiat

340 1129 484 1191 longe
508 1126 568 1172 ab
600 1125 795 1172 aedibus
810 1126 833 1171 Ρ

91 1203 189 1251 Vos
231 1201 382 1249 modo
420 1200 534 1246 hinc
568 1199 693 1245 abite
725 1199 852 1246 intro
870 1234 885 1257 ‚
926 1210 1072 1261 atque
1111 1199 1227 1246 haec
1255 1199 1370 1248 hinc

344 1291 546 1337 propere
567 1274 844 1321 amolimini.

381 1366 1096 1402 PHILOLACHES.

90 1430 187 1480 Ubi
213 1447 301 1496 ego
330 1429 450 1476 ero?

538 1516 572 1548 'r
610 1516 644 1549 R
678 1515 714 1549 A
748 1516 783 1549 Ν
819 1515 841 1548 1
880 1515 931 1548 o.

102 1608 107 1614 ·
178 1576 274 1623 Ubi
290 1591 514 1622 maxume
531 1575 729 1632 essevis‚
748 1591 860 1621 cum
880 1574 993 1631 hac,
1013 1589 1126 1621 cum
1141 1574 1250 1621 istac
1268 1576 1367 1622 eris.

475 1671 510 1702 D
547 1669 578 1702 Ε
613 1669 643 1701 L
685 1668 713 1701 Ρ
750 1668 784 1700 R
820 1667 842 1700 1
877 1666 913 1700 U
948 1666 1006 1700 Μ.

89 1731 224 1802 Quid
241 1743 310 1778 est
327 1730 506 1796 igitur?
533 1730 754 1775 abeamus
775 1728 887 1774 hinc
913 1743 1015 1773 nos.

539 1823 572 1856 Τ
608 1824 643 1858 R
679 1823 713 1855 A
748 1822 783 1855 Ν
818 1823 838 1854 1
877 1821 928 1854 ο.

640 1882 754 1930 Non
778 1882 870 1928 hoc
895 1882 1039 1944 longe
1054 1914 1070 1937 ,
1089 1876 1366 1941 Delphium.

90 1954 308 2017 Namque
335 1956 461 2003 intus
487 1965 650 2017 potate
677 1952 808 2000 haud
830 1952 1017 1998 tantillo
1046 1951 1132 1997 hac
1162 1951 1364 2012 quidem

343 2043 494 2073 caussa
526 2041 699 2072 minus.

379 2112 1093 2149 PRILOLACHES.

91 2172 186 2219 Hei
215 2172 361 2229 mihi,
393 2189 567 2233 quam,
601 2175 739 2229 istaec
766 2173 941 2220 blanda
967 2172 1092 2219 dicta
1122 2186 1223 2232 quo
1255 2186 1366 2218 eve-

352 2244 483 2291 niant
498 2279 512 2302 ,
538 2247 711 2292 madeo
738 2246 902 2291 metu!

540 2331 572 2363 ‘r
607 2332 642 2365 R
675 2331 711 2364 A
745 2331 779 2363 Ν
813 2330 836 2362 1
871 2329 922 2362 o.

88 2389 243 2509 Pobinl'
260 2388 420 2509 agilmo
438 2400 494 2435 ut
509 2390 592 2437 sies
611 2392 795 2452 quieto,
820 2400 868 2436 et
881 2389 1018 2438 facias
1036 2386 1175 2450 quod
1183 2382 1369 2452 jubeo?

196 2478 218 2506 ο
240 2497 250 2507 .
339 2496 352 2507 .
1047 2461 1075 2505 1
1102 2460 1118 2503 i
