1618 2866
251 221 348 282 586
714 224 753 270 Ρ
777 225 824 272 ‘E
858 224 902 273 R
938 225 969 273 s
1003 226 1059 274 A.
1415 246 1540 293 Μι-

640 334 669 369 1²
706 335 741 369 A
775 337 823 392 E*
845 337 877 371 G
913 339 949 373 Ν
983 340 1006 373 1
1042 340 1079 375 U
1112 343 1168 376 M.

251 395 340 441 Par
372 396 470 458 pari
499 397 752 458 respondes
787 398 943 446 dicto:
973 400 1049 448 abi
1072 403 1210 468 jam,
1245 408 1439 468 quando
1473 409 1537 456 ita
1605 446 1609 451 .

509 481 634 516 certa
663 487 733 516 res
761 484 842 518 est.

247 542 396 589 Nihili
428 543 549 590 facio
581 544 705 590 scire.
737 546 900 592 valeas.

477 629 1312 670 SOPHOCLIDISGA.

837 693 959 741 Asta.

636 779 665 812 Ρ
694 779 739 813 ,Α
774 779 804 811 Ε
845 779 878 812 G
913 781 947 813 N
985 780 1005 812 1
1042 780 1078 814 U
1114 779 1167 812 M.

931 839 997 886 At
1017 858 1238 903 propero.

472 922 1304 960 SOPHOCLIDISCA.

1078 987 1140 1033 Et
1169 987 1255 1049 pol
1283 1001 1371 1052 ego
1399 986 1529 1032 item.

634 1070 663 1103 Ρ
704 1071 739 1104 Α
775 1071 808 1104 Ε
848 1071 881 1105 G
917 1072 951 1105 N
985 1072 1007 1105 1
1043 1070 1080 1104 U
1114 1071 1171 1105 M.

240 1126 428 1190 Ecquid
454 1129 631 1175 habes?
719 1119 723 1123 ¹

467 1215 1308 1252 SOPHOCLIDISCA.

431 1277 737 1338 Ecquidtu?

630 1363 1163 1401 PAEGNIUM.

593 1422 726 1468 Nihil
761 1425 1004 1485 equidem.

464 1507 1302 1548 SOPHOCLIDISCA.

744 1570 880 1617 Cedo
909 1586 1108 1618 manum
1137 1590 1260 1638 ergo.

593 1654 1126 1692 PAEGNIUM.

1015 1719 1157 1765 Estne
1183 1718 1298 1765 haec
1322 1718 1524 1772 manus?

462 1799 1297 1838 SOPHOCLIDISCA·

236 1858 329 1905 Ubi
360 1860 438 1905 illa
465 1862 605 1906 altera
637 1873 702 1906 est
735 1862 938 1909 furtifica
965 1865 1129 1914 laeva?

590 1946 618 1978 P
656 1947 690 1978 A
726 1946 755 1978 E
796 1946 828 1980 G
863 1949 897 1981 Ν
935 1949 956 1982 1
994 1950 1029 1982 U
1065 1952 1123 1983 M.

650 2007 812 2054 Domi.
838 2023 1018 2067 eccam,
1044 2012 1147 2078 huc·
1166 2012 1346 2058 nullam
1366 2015 1516 2061 attuli.

459 2100 1288 2140 SOPHOCLIDISCA.

181 2154 185 2157 ¹
231 2159 389 2207 Habes
423 2163 578 2208 nescio
611 2163 746 2223 quid.

587 2249 616 2281 P
654 2249 690 2282 A
724 2250 754 2282 Ε
794 2249 827 2282 G
861 2250 896 2283 N
930 2250 952 2284 1
989 2250 1025 2283 U
1061 2249 1117 2283 M.

486 2308 561 2355 Ne
592 2327 670 2356 me
695 2322 915 2370 attrecta,
945 2310 1259 2377 subagitatrix‘.

454 2398 1277 2442 SOPHocLIDISCA.

1188 2461 1506 2519 Sinteaino?
