1618 2866
232 213 321 259 130
615 196 1147 248 EPIDICUS.
1374 222 1503 268 v.95

223 306 319 353 Ubi
336 307 464 354 voles
483 315 613 366 pater
633 320 725 350 esse
742 339 756 362 ,
773 304 841 351 ibi
861 317 958 353 esto
973 309 1088 355 :ubi
1106 311 1236 358 noles
1249 345 1263 370 ,
1284 328 1345 358 ne
1363 313 1504 363 fueris

446 402 448 404 ·
481 389 637 439 pater.,

613 463 641 495 P
678 461 712 495 H
746 464 767 496 I
804 464 835 497 L
870 465 893 497 I
927 465 1020 498 P·P
1057 465 1107 499 A.

221 524 390 597 Quid?
424 523 488 570 ob
517 539 619 569 eam
645 540 746 569 rem
768 524 888 570 hanc
909 525 1090 584 emisti,
1110 526 1224 588 quia
1241 537 1374 576 tuam
1389 545 1502 595 gna-

482 609 580 643 tam
599 609 721 644 ratus
743 598 764 642 Ξ)
793 598 969 659 quibus

221 675 296 724 De
321 674 457 739 signis
484 673 797 738 agnoscebas?

539 757 1182 794 PERIPHANE&

793 819 961 864 Nullis.

613 907 641 939 P
681 906 715 939 H
751 906 772 939 1
808 905 839 938 L
873 905 894 938 I
930 905 958 938 P
994 906 1022 939 P
1058 905 1107 939 A.

1018 982 1128 1012 uate
1156 966 1301 1013 filiam

222 1032 473 1080 credidisti
494 1042 703 1078 nostram
717 1031 740 1076 ?
963 966 1015 1036 Q

536 1121 566 1155 P
603 1122 633 1155 E
669 1123 702 1155 R
739 1122 760 1154 1
797 1122 825 1154 P
861 1119 896 1153 H
932 1121 967 1154 A
1002 1120 1037 1154 N
1072 1121 1102 1153 E
1139 1121 1177 1155 S.

737 1178 903 1226 Servos
928 1180 1152 1242 Epidicus
1181 1181 1302 1228 dixit
1317 1183 1449 1230 mihi.

607 1266 1106 1300 PHILIPPA.
1336 1307 1344 1326 ‚

217 1333 359 1404 Quid
391 1335 427 1380 si
460 1349 591 1379 servo
618 1332 749 1377 aliter
778 1332 934 1377 visum
956 1333 1046 1379 ’sti’
1071 1350 1174 1380 non
1195 1344 1379 1396 poteras
1406 1341 1498 1382 κιο-Δ

478 1406 619 1462 visse,
645 1405 871 1451 obsecro?

527 1501 555 1534 P
590 1501 620 1533 E
658 1500 691 1533 R
725 1500 746 1532 1
781 1500 809 1532 P
847 1499 880 1532 H
916 1499 950 1531 A
987 1498 1022 1532 N
1058 1499 1087 1531 E
1125 1498 1163 1532 S.

217 1562 357 1634 Quid
389 1562 515 1627 ego?
550 1562 635 1622 qui
670 1561 826 1618 illam,
858 1571 913 1606 ut
945 1559 1156 1621 ptimum
1185 1561 1315 1619 vidi,
1353 1577 1497 1610 num·-

478 1651 625 1695 quam
654 1634 754 1681 vidi
785 1634 980 1695 postea?

597 1734 625 1766 P
666 1733 700 1766 H
734 1733 755 1765 1
790 1733 820 1766 I.
856 1733 876 1765 I
914 1733 943 1767 P
980 1732 1008 1765 P
1046 1731 1097 1764 A.

215 1787 336 1834 Perii
362 1785 546 1832 misera!
963 1844 966 1846 v

523 1871 551 1902 P
591 1871 620 1903 E
656 1872 689 1905 R
724 1871 745 1902 I
782 1869 811 1903 P
846 1868 881 1902 H
917 1869 951 1902 A
989 1870 1023 1902 N
1060 1868 1091 1900 E
1128 1867 1165 1901 S.

473 1930 546 1975 Ne
574 1930 660 1988 fle,
692 1930 885 1976 mulier:
917 1929 1042 1974 intro
1065 1927 1169 1984 abi,
1195 1927 1370 1972 habeto
1390 1930 1490 1974 ani-

1035 2017 1173 2046 mum
1192 2000 1393 2047 bonum.

214 2068 315 2134 Ego
335 2067 463 2113 illam
487 2066 728 2127 reperiam.

599 2153 626 2185 P
664 2153 698 2185 H
728 2152 753 2184 -1
790 2151 821 2184 L
856 2150 877 2183 I
911 2148 939 2182 P
975 2149 1003 2182 P
1040 2147 1089 2181 A.

486 2211 611 2257 Hinc·
637 2209 834 2255 Athenis
865 2207 975 2254 civis
1006 2223 1110 2251 eam
1136 2206 1251 2253 emit
1274 2206 1484 2255 Atticus:

213 2283 579 2331 Adulescentem
598 2282 826 2343 equidem
848 2279 1070 2326 dicebant
1091 2279 1266 2326 emisse.

514 2376 544 2409 Ρ
579 2374 609 2407 E
643 2375 676 2407 R
710 2373 730 2406 1
766 2373 794 2406 Ρ
830 2372 866 2406 Η
905 2372 939 2405 A
979 2373 1012 2406 N
1050 2372 1080 2405 E
1119 2371 1159 2405 s.

994 2425 998 2429 ”
1072 2431 1343 2491 Inveniam,
1362 2442 1482 2477 tace:
