1618 2866
39 195 165 240 γης
314 178 587 228 ACTUS
636 179 717 226 11.
771 176 874 226 SC.
927 177 1093 224 111..
1221 177 1318 241 3651

393 300 418 335 s
453 301 481 333 c
516 299 546 332 E
581 300 612 332 1.
649 299 678 331 E
715 300 751 332 D
786 299 821 332 R
855 296 892 330 11
928 295 967 332 s.

668 356 867 420 Dignus.

351 452 382 485 P
419 451 454 484 A
488 451 520 484 1.
554 450 591 484 A
623 450 653 483 E
690 450 713 484 s
751 450 783 482 Τ
817 450 851 483 R
886 450 909 483 1
946 449 997 483 ο.

875 508 1016 557 Serva
1048 510 1151 557 istas
1181 509 1318 567 foris:

44 587 119 634 Ne
151 585 240 632 tibi
273 585 394 631 clam
426 599 474 629 se
509 582 814 630 subterducat
840 582 976 629 istinc
995 617 1010 641 ‚
1045 594 1192 645 atque
1224 585 1321 633 huc

293 667 505 704 transeat.

398 748 421 783 s
456 749 484 783 c
523 750 553 782 E
588 749 618 781 1.
653 750 684 782 E
720 751 756 783 D
794 750 829 783 R
864 747 901 782 u
935 727 974 782 εξ

45 810 311 857 Consilium
325 810 381 855 ‘st
403 809 467 854 ita
499 808 663 855 facere.

357 900 387 933 P
423 899 458 932 A
492 899 523 931 L
559 899 594 932 A
628 899 659 932 E
698 899 721 932 S
758 900 790 932 T
824 900 858 933 R
893 900 914 932 1
950 899 997 932 Ο.

174 959 322 1006 Pedes
339 975 426 1023 ego
436 959 537 1022 jam
556 958 686 1003 illam
705 959 801 1003 huc
823 957 913 1003 tibi
938 958 1091 1004 sistam
1109 958 1160 1004 in
1176 960 1321 1008 viam.

402 1051 425 1083 s
461 1051 488 1082 c
525 1051 554 1082 E
589 1049 620 1081 1.
655 1050 686 1081 E
722 1050 758 1082 D
798 1052 830 1083 R
867 1050 903 1082 u
927 1037 977 1083 ἐ.

49 1111 273 1176 Agedum
304 1127 414 1174 ergo
431 1144 445 1167 ,
476 1109 588 1155 face.
629 1110 742 1155 volo
778 1110 919 1168 scire,
954 1121 1118 1156 utrum
1152 1127 1240 1176 ego
1271 1112 1324 1160 id

303 1182 440 1244 quod
467 1182 567 1227 vidi
584 1216 599 1239 ‚
629 1181 854 1227 viderim:

51 1256 130 1302 An
156 1257 251 1303 illic
289 1255 450 1312 faciat,
478 1254 617 1315 quod
647 1254 884 1300 facturum
915 1254 1059 1312 dicit,
1089 1266 1147 1302 ut
1178 1272 1232 1302 ea
1265 1257 1325 1304 sit

305 1328 451 1373 dorni.

50 1399 176 1447 Nam
200 1417 289 1465 ego
313 1399 512 1461 quidem
537 1415 670 1445 meos
695 1400 857 1446 oculos
878 1399 1063 1458 habeo,
1091 1416 1182 1447 nec
1205 1418 1332 1467 rogo·

302 1471 505 1517 utendos
533 1470 655 1517 foris.

51 1545 147 1592 Sed
168 1545 244 1591 hic
262 1545 331 1590 illi
353 1545 715 1605 supparasitatur
738 1560 947 1605 semper,
973 1542 1052 1589 hic
1080 1545 1123 1590 ei
1140 1558 1325 1606 proxu-

301 1632 387 1661 mu
404 1617 458 1660 ’st
470 1649 485 1672 ,

51 1688 244 1741 Primus,
268 1687 331 1733 ad
365 1687 530 1733 cibum
561 1697 757 1734 vocatur
773 1720 788 1744 ,
803 1685 977 1747 primo
1014 1687 1327 1747 pulmentum

303 1760 464 1805 datur:

54 1833 177 1879 Nam
201 1834 295 1885 illic
318 1845 476 1879 noster
505 1843 573 1879 est
600 1832 786 1879 fortasse
814 1833 993 1879 circiter
1018 1833 1292 1880 triennium.

54 1905 225 1967 Neque
255 1907 553 1968 quoiquam,
586 1923 733 1968 quam
759 1907 856 1965 illi,
891 1908 943 1953 in
975 1917 1133 1953 nostra
1159 1908 1330 1953 melius

307 1979 488 2025 famulo
521 1979 707 2026 familia.

56 2049 152 2098 Sed
183 2068 270 2116 ego
302 2054 395 2099 hoc
431 2053 569 2114 quod
595 2070 714 2117 ago,
745 2052 797 2098 id
829 2069 910 2099 me
940 2069 1074 2117 agere
1102 2063 1328 2114 oportet,-

306 2125 399 2171 hoc
423 2126 665 2171 observare
695 2125 884 2170 ostium.

58 2197 152 2245 Hic
179 2198 394 2244 obsistam
418 2201 504 2246 hac
531 2200 743 2261 quidem.
770 2201 856 2261 pol
874 2210 1003 2247 certo
1031 2199 1177 2247 verba
1202 2200 1325 2247 mihi

309 2286 577 2333 numquam
610 2273 809 2320 dabunt.
