1618 2866
81 212 199 249 κα·
367 194 639 244 ACTUS
687 194 790 243 IV.
845 192 951 242 SC.
1008 194 1109 242 IV.
1277 194 1367 253 615

570 317 608 350 v
643 316 665 348 1
699 316 734 348 R
769 314 802 348 G
843 315 888 348 0.

85 381 223 428 Urbis
260 379 465 442 speciem
500 378 600 425 vidi
617 411 633 434 ‚
673 376 931 422 hominum
965 391 1121 423 mores
1149 378 1371 438 perspexi

339 467 521 512 parum.

509 535 541 568 Τ
577 535 610 568 o
648 527 685 569 x'
720 535 742 568 1
776 534 808 568 1.
842 534 879 567 U
915 534 952 568 s.

86 595 339 659 Numquid
360 597 410 642 in
434 595 668 657 principio
697 595 890 641 cessavit
913 592 1118 641 verbum
1136 591 1275 639 docte
1294 592 1368 650 diff
1432 648 1438 653 a

338 668 478 714 cere?

471 752 508 784 D
547 751 579 784 o
615 752 649 784 R
685 753 720 784 D
760 751 793 784 A
828 751 859 783 Ι.
897 751 932 783 U
969 751 1007 784 s.

82 813 227 860 Haud
249 812 390 876 potui
421 813 565 859 etiam
589 813 639 858 in
662 813 819 874 primo
844 812 992 859 verbo
1017 812 1280 875 perspicere
1298 828 1365 858 sa·-

271 910 274 913 >
335 898 578 949 pientiam.

408 976 431 1009 S
468 976 502 1008 A
539 976 573 1009 G
608 977 642 1009 A
678 978 712 1010 R
746 977 767 1009 1
804 976 827 1010 S
865 977 896 1009 T
937 977 957 1009 1
995 978 1040 1009 Ο.

81 1038 219 1108 Quid
239 1038 318 1095 id,
352 1038 487 1098 quod
512 1038 691 1085 vidisti:
738 1050 792 1084 ut
822 1039 1069 1086 munitum
1098 1053 1241 1086 muro
1273 1040 1363 1087 tibi

336 1110 491 1155 visum
510 1110 566 1155 'st
588 1109 856 1172 oppidum?

566 1203 603 1236 V
638 1204 662 1237 I
695 1204 731 1236 R.
766 1202 799 1235 G
837 1204 885 1236 O.

77 1251 127 1305 'Si
154 1259 337 1306 incolae
363 1259 490 1306 bene
518 1259 629 1318 suns:
653 1262 823 1309 morati
838 1297 853 1319 ‚
884 1258 1085 1324 pulchre
1112 1265 1358 1310 munitum

335 1325 548 1378 arbitror}

78 1403 277 1450 Perfidia
305 1416 353 1450 et
386 1405 630 1452 Peculatus
666 1423 725 1452 ex
751 1407 871 1453 urbe
898 1419 946 1454 et
974 1407 1177 1455 Avaritia
1207 1409 1239 1454 si
1276 1425 1358 1453 ex-

334 1479 486 1523 sulant
499 1513 513 1535 ‚
882 1534 885 1537 ‚
1216 1537 1221 1540 ι

76 1549 256 1619 Quarta
286 1549 473 1595 Invidia
486 1585 500 1606 ,
539 1551 705 1610 quinta
733 1550 949 1597 Ambitio
962 1586 975 1609 ,
1015 1563 1142 1598 sexta
1177 1551 1355 1613 Obtref

334 1632 477 1666 ctauo
495 1656 510 1677 ‚

73 1689 348 1752 'Septimum
378 1693 651 1756 Perjurium.

500 1778 532 1810 Τ
568 1779 600 1811 ο
636 1779 671 1813 Χ
709 1780 731 1812 1
766 1781 797 1814 1.
832 1780 869 1813 U
904 1780 942 1813 s.

651 1841 811 1906 Euge!

559 1930 597 1965 V
633 1932 656 1965 1
691 1930 726 1965 R
762 1933 795 1966 G
832 1935 880 1967 Ο.

817 1995 999 2039 Octava
1024 1994 1351 2058 Indiligentia:

76 2059 215 2126 N9na
226 2061 422 2125 Injuria:
443 2064 707 2122 decimum,
726 2067 862 2125 quod
879 2076 1155 2127 pessumum
1172 2083 1352 2130 aggres-

326 2152 380 2180 su
394 2170 408 2192 ,
424 2134 609 2181 Scelus:

77 2203 207 2250 Haec
234 2205 321 2251 nisi
344 2208 457 2254 inde
487 2210 716 2267 aberunt,
748 2213 1005 2274 centuplex
1022 2230 1184 2259 murus
1206 2214 1350 2261 rebus

328 2283 559 2328 servandis
585 2300 756 2344 parum
774 2286 842 2331 ’st.

4 2412 12 2416 ,
469 2373 529 2406 ··’1”
562 2375 594 2408 0
634 2375 669 2407 X
703 2376 725 2409 1
759 2377 791 2410 L
826 2377 939 2412 U-S·

78 2420 423 2489 Quidaistu?

989 2472 1145 2569 Qqss
