1618 2866
216 172 306 218 628
667 161 1007 215 PERSA.
1397 185 1491 221 v.2

211 274 415 322 Probam
450 282 497 319 et
525 273 783 334 sapientem
814 284 862 319 et
892 273 1107 319 sobriam.

698 360 734 393 V
772 359 792 391 1
828 359 861 391 R
899 358 931 391 G
970 358 1020 391 ο,
1099 379 1101 382 .

1135 407 1183 457 Si
1214 408 1336 472 quid
1355 411 1498 458 ‘bonis

221 482 344 530 Boni
372 483 425 529 fit
446 517 460 540 ,
496 499 589 529 esse
619 482 751 527 idem
781 493 827 528 et
864 498 1000 546 grave
1031 493 1079 528 et
1102 493 1288 547 gratum
1319 483 1452 530 solet.
1486 489 1490 491 “

630 568 661 600 T
698 568 728 601 o
768 569 803 601 X
839 568 859 600 1
895 568 924 600 L
965 567 999 599 U
1037 567 1075 600 s.
1516 608 1518 610 ¹

215 627 390 674 Audin'
428 639 510 685 tu,
545 629 706 684 Persa,
738 627 824 673 ubi
861 638 1110 692 argentum
1149 627 1210 674 ab
1242 629 1336 676 hoc
1367 645 1497 676 acce-

467 716 616 762 pens,
1197 721 1202 724 ·

212 771 444 819 Simulato
463 808 477 831 ,
507 773 636 834 quasi
670 789 741 818 eas
768 788 985 834 prorsum
1010 774 1060 819 in
1091 788 1275 821 navem.

534 849 1174 901 SAGARISTIO}

1260 920 1494 975 Nedoce.

630 997 1073 1045 To-XILUs.

207 1060 294 1105 Per
326 1059 630 1123 angiportum
663 1076 848 1105 rursum
881 1071 929 1105 te
962 1060 1023 1105 ad
1057 1076 1135 1106 me
1169 1056 1367 1123 recipito

209 1135 320 1179 Illac
350 1150 434 1195 per
467 1134 674 1179 hortum.

531 1219 1176 1270 SAGARISTro„

661 1284 814 1352 Quod
849 1283 1066 1329 futurum
1098 1285 1179 1341 ’st,
1210 1283 1463 1346 praedicas.

629 1367 660 1399 T
700 1368 731 1400 ο
771 1368 806 1400 Χ
842 1369 864 1401 1
901 1369 931 1401 Ι,
968 1370 1002 1402 U
1040 1369 1077 1402 s.

208 1426 271 1472 At
299 1440 358 1471 ne
385 1442 498 1472 curn
523 1438 715 1490 argento
739 1428 978 1490 protInam
1000 1440 1240 1490 permutes
1259 1430 1460 1477 domurn
1475 1464 1491 1488 ,

207 1498 472 1544 Moneote.

529 1576 551 1609 S
591 1577 624 1609 A
664 1576 1073 1611 GARISTI
1113 1578 1159 1612 Ο.

369 1637 521 1705 Quod
547 1649 594 1683 te
620 1638 820 1702 dignum
839 1639 917 1696 ’st,
949 1655 1028 1685 me
1055 1639 1258 1704 dignum
1288 1655 1381 1686 esse
1407 1641 1488 1689 vis.

631 1724 662 1756 T
702 1724 733 1756 o
772 1724 808 1756 x
844 1725 865 1757 1
902 1725 934 1757 L
970 1725 1005 1757 U
1043 1726 1082 1760 s.

205 1780 358 1826 Tace!
387 1798 524 1843 parce
547 1783 685 1829 voci!
712 1783 884 1844 praeda
920 1785 1219 1849 progreditur
1249 1784 1382 1832 foras.

558 1929 942 1976 SCENA
1030 1929 1132 1974 VI.

208 2044 1063 2093 DORDALUS.'SAGARIST10
1083 2079 1099 2092 ,
1143 2054 1485 2094 TOXJLUS.

719 2139 848 2174 VIR
869 2140 901 2174 G
923 2139 969 2175 0.

594 2268 1126 2304 DORDALUS.

204 2321 297 2435 P
302 2400 336 2435 R
351 2399 382 2434 0
399 2400 426 2433 Β
444 2399 480 2433 A
497 2398 527 2432 Τ
539 2399 560 2433 1
596 2387 671 2435 hic
693 2388 871 2452 argenti
896 2398 1005 2434 sunt
1033 2388 1267 2452 sexaginta
1293 2388 1477 2447 minae,
