1618 2866
61 184 155 231 ις
340 165 631 216 ἈΕΤΠΞ
680 166 809 214 ΙΙΙ.
860 163 967 214 SC.
1018 127 1081 213 Ι..
1246 182 1338 228 599

547 288 583 322 V
619 287 641 320 1
675 287 709 320 R
746 286 779 320 G
816 286 867 319 Ο.

824 342 1042 399 Amabo,
1074 340 1143 387 mi
1174 351 1338 404 pater,

61 419 370 488 Quamquam
395 417 600 464 libenter
623 415 732 462 escis
761 415 921 461 alienis
955 414 1143 470 studes,

63 490 205 536 Tuin’
237 490 411 536 ventris
434 505 588 536 caussa
614 488 758 534 filiam
783 487 951 534 vendis
979 486 1143 532 tuam?

479 585 508 619 s
543 586 579 619 A
613 585 646 618 ‘r
680 583 718 617 π
751 586 785 619 R
820 585 842 618 1
877 585 927 618 ο.

63 648 272 711 Mirum,
303 653 422 714 quin
454 652 571 716 regis
599 651 806 713 Philippi
835 667 1016 708 caussa,
1042 662 1124 697 aut
1153 649 1298 697 Attali

64 729 138 775 Te
161 729 320 790 potius
347 728 556 774 vendam
570 761 585 785 ,
615 744 761 788 quam
791 744 896 774 mea
910 762 925 786 ,
951 743 1073 788 quae
1100 727 1155 772 sis
1186 743 1305 772 mea.

544 826 582 857 V
617 824 638 857 1
674 826 707 858 R
743 823 775 858 G
812 824 860 857 Ο.

39 942 41 944 ,
66 889 237 940 Utrum
269 906 324 940 tu
345 911 436 957 pro
466 892 633 938 ancilla
660 908 741 937 me
771 891 943 948 habes,
976 907 1036 936 an
1062 907 1151 951 pro
1184 889 1309 936 filia?

485 967 928 1025 SAT'unro.

67 1062 240 1110 Utrum
265 1062 421 1108 hercle
442 1059 584 1124 magis
609 1059 659 1104 in
695 1059 869 1105 ventris
900 1074 1005 1105 rem
1029 1058 1292 1106 videbitur:

68 1136 262 1194 Meum,
296 1135 491 1195 opinor,
512 1132 765 1194 imperium
789 1131 840 1177 in
868 1141 916 1177 te
932 1165 945 1188 ,
980 1147 1083 1177 non
1109 1132 1162 1178 in
1182 1148 1261 1178 me
1283 1132 1343 1176 ti-

318 1207 369 1253 bi
382 1208 450 1252 ’st.

550 1284 588 1318 V
622 1284 644 1316 1
679 1284 713 1316 R
750 1282 783 1314 G
821 1284 870 1317 ο.

70 1345 179 1391 Tua
205 1345 344 1389 ismec
373 1352 575 1404 potestas
606 1352 701 1398 est,
730 1352 878 1401 pater.
910 1353 1267 1400 verumtamen,

71 1416 385 1485 Quamquam
401 1431 470 1460 res
486 1425 669 1460 nostrae
686 1424 796 1459 sunt
808 1448 822 1470 ,
839 1426 998 1475 pater,
1015 1404 1345 1476 pauperculae,

70 1488 263 1536 Modice
290 1499 341 1533 et
367 1486 582 1533 modeste
616 1486 764 1531 meliu
782 1487 837 1531 ’st
862 1487 1008 1534 vitam
1034 1487 1214 1534 vivere:

71 1560 196 1606 Nam
221 1560 258 1605 si
282 1559 344 1607 ad
373 1570 707 1626 paupertatem
734 1558 999 1622 admigrant
1031 1558 1250 1617 infamiae
1265 1594 1281 1618 ,

75 1631 271 1677 Gravior
292 1643 540 1691 paupertas
572 1630 627 1675 fit
643 1664 658 1687 ,
697 1628 813 1674 fides
850 1629 1108 1675 sublestior.

485 1727 510 1760 s
524 1702 529 1707 ’
545 1728 580 1761 A
614 1728 647 1761 ‘r
682 1727 718 1760 U
753 1729 787 1762 n
821 1728 843 1760 1
879 1729 924 1762 o.

74 1789 331 1837 Enimvero
358 1787 522 1834 odiosa
550 1805 609 1834 es.

551 1881 589 1916 V
623 1881 646 1913 I
681 1882 716 1915 R
751 1881 784 1914 G
816 1881 865 1914 Ο.
1196 1916 1213 1931 .

417 1941 531 1987 Non
551 1959 655 1988 sum
669 1977 684 2000 ,
712 1959 873 2004 neque
896 1957 976 1988 me
1003 1958 1097 1988 esse
1120 1941 1352 1999 arbitror,

82 2016 251 2084 Quom
276 2033 419 2077 parva
445 2029 561 2063 natu
593 2028 720 2064 recte
743 2017 979 2078 praecipio
1010 2017 1146 2077 patri.
1180 2064 1183 2065 ⁷

81 2088 206 2133 Nam
225 2088 400 2134 inimici
419 2089 596 2135 famam
620 2106 723 2135 non
744 2090 833 2146 ita,
855 2100 912 2134 ut
930 2092 1038 2134 nata
1056 2099 1123 2134 est
1137 2123 1151 2146 ,
1179 2088 1351 2136 ferunt.

502 2187 948 2222 SATURIO.

83 2256 281 2312 ferant,
305 2266 506 2317 eantque
536 2258 587 2303 in
613 2273 889 2303 maxumam
918 2258 1091 2303 malam
1118 2274 1320 2304 crucem.

86 2328 199 2373 Non
222 2343 309 2391 ego
338 2327 597 2374 inimicitias
633 2329 788 2374 omnis
815 2329 967 2392 pluris
993 2329 1214 2386 aestimo,

85 2398 253 2467 Quam
274 2415 433 2445 mensa
458 2401 603 2448 inan'is
627 2416 759 2448 nunc
780 2402 816 2448 si
846 2401 1116 2464 adponatur
1149 2401 1276 2446 mihi.

1019 2473 1056 2517 P
1073 2490 1107 2533 P
1135 2487 1166 2533 4
