1618 2866
101 146 230 198 v.28
399 143 710 194 ACTUS
768 143 828 192 V.
881 143 987 191 SC.
1041 143 1123 190 11.
1292 154 1392 210 311

491 266 523 299 E
561 266 597 298 U
634 266 666 298 Τ
703 266 735 297 Y
774 265 801 297 C
838 264 873 298 Η
908 264 943 297 U
980 265 1019 300 S.

529 327 602 371 Ire
634 337 811 372 tecum.

502 419 528 451 c
566 418 602 451 Η
635 419 671 451 A
706 419 740 452 R
774 418 795 450 1
830 419 864 451 Ν
902 418 938 451 U
974 418 1012 452 s.
1093 463 1097 466 .

699 477 864 524 Alium
894 480 1123 525 comitem
1151 480 1393 540 quaerite,

108 552 223 600 Non
246 550 476 610 amittunt
507 551 560 596 hi
586 566 666 596 me
686 551 909 610 comites,
939 552 1026 612 qui
1050 563 1229 598 tenent.

494 644 526 678 Ε
562 643 597 676 U
636 644 668 676 T
704 644 738 677 Y
767 645 802 677 c
838 645 873 677 Η
909 644 943 677 U
979 645 1018 679 s.

1049 698 1152 768 Qui
1175 708 1291 754 ‘sunt
1316 696 1395 744 ei?

501 785 528 817 c
567 784 602 817 Η
639 783 675 815 A
709 785 743 817 R
778 785 799 817 1
833 785 868 817 N
902 784 938 817 U
974 785 1013 818 s.

49 900 51 902 ¹
114 844 239 893 Cura
257 879 272 904 ,
302 845 487 892 Miseria
508 879 523 903 ‚
551 844 815 909 Aegritudo
833 880 848 903 ,
884 846 1124 892 Lacrimae
1140 880 1154 903 ,
1188 845 1397 892 Lamen-

364 919 495 964 tatio.

499 1006 530 1037 E
566 1004 601 1036 U
637 1004 669 1037 T
704 1004 737 1036 Y
777 1004 803 1036 c
843 1003 877 1036 Η
915 1002 951 1037 U
987 1003 1026 1036 s.

114 1065 336 1128 Repudia
362 1065 472 1110 istos
493 1064 688 1110 comites
703 1097 719 1120 ,
744 1074 891 1124 atque
910 1063 1003 1109 hoc
1024 1062 1201 1124 respice
1216 1095 1231 1120 ,
1258 1071 1305 1108 et
1324 1077 1399 1108 re-

367 1149 567 1184 vortere.

508 1224 534 1255 c
570 1223 605 1256 H
641 1223 676 1256 A
711 1223 746 1256 R
781 1222 803 1255 1
834 1222 868 1255 N
904 1221 939 1253 U
976 1220 1013 1253 s.

117 1281 167 1332 Si
183 1282 384 1344 quidem
400 1300 597 1330 mecum
614 1283 813 1329 fabulari
828 1282 900 1327 vis
912 1316 926 1338 ,
948 1281 1248 1342 subsequere.

506 1374 1029 1411 EUTYCHUS.

1146 1429 1396 1477 Staillico.

510 1504 1021 1540 CHARINUS.

117 1569 242 1617 Male
271 1569 378 1616 facis
394 1603 407 1626 ,
437 1578 772 1629 properantem
796 1566 883 1627 qui
907 1581 986 1610 me
1006 1559 1296 1611 conmorare.
1329 1567 1401 1612 sol

367 1640 480 1687 abit.
1019 1645 1021 1647 ’

508 1725 539 1756 Ε
576 1724 612 1756 U
648 1725 680 1757 Τ
715 1725 750 1757 Y
785 1725 812 1757 c
849 1725 883 1757 Η
920 1724 955 1756 U
991 1723 1029 1757 s.

122 1785 172 1833 Si
201 1788 297 1833 huc
334 1786 452 1831 item
483 1799 704 1847 properes
725 1819 740 1842 ,
784 1796 841 1830 ut
873 1784 994 1831 istuc
1032 1801 1252 1846 properas
1272 1819 1287 1843 ‚
1332 1785 1402 1832 fa-

241 1855 257 1875 ²
378 1860 466 1905 cias
496 1859 678 1904 rectius.

125 1931 237 1979 Huc
252 1934 483 1980 secundus
501 1922 684 1979 'ventus
711 1949 844 1979 nunc
861 1944 951 1983 est;
980 1949 1094 1994 cape
1116 1932 1268 1979 modo
1293 1950 1403 1979 vor-

375 2007 568 2053 soriam:

129 2078 223 2124 Hic
253 2073 483 2125 Favonius
514 2096 680 2127 serenu
707 2082 787 2137 ’st,
821 2081 922 2127 istic
946 2080 1115 2127 Auster
1149 2080 1400 2127 imbricus:

131 2151 226 2198 Hic
240 2149 348 2196 facit
372 2151 761 2213 tranquillitatem
774 2188 788 2211 ‚
814 2154 899 2199 iste
929 2153 1083 2200 omnis
1104 2151 1278 2198 fluctus
1293 2169 1407 2199 con-

378 2235 484 2269 eret.

131 2295 307 2356 Recipe
336 2305 384 2340 te
416 2295 478 2340 ad
504 2306 698 2355 terram,
730 2298 969 2358 Charine,
996 2298 1107 2344 huc.
1144 2312 1310 2359 nonne
1347 2306 1410 2341 ex

384 2366 579 2415 advorso
604 2370 770 2423 vides?
