1618 2866
70 163 192 226 v.98
374 159 664 209 ACTUS
715 163 752 209 1.
804 161 909 210 SC.
958 164 1035 210 11.
1255 179 1349 228 249

74 268 252 328 Venio,
273 266 532 327 decumbo,
550 281 766 331 acceptus
789 270 932 316 hilare
955 281 1099 331 atque
1117 269 1349 332 ampliter.

74 341 382 390 Discubitum
407 354 559 388 noctu
586 353 641 388 ut
664 343 809 399 imus,
839 359 947 390 ecce
972 342 1031 389 ad
1059 360 1138 388 me
1158 343 1351 390 advenit

74 415 276 473 Mulier,
310 432 406 476 qua
431 415 602 462 mulier
631 415 718 461 alia
748 416 880 462 nulla
898 417 951 462 ’st
975 417 1243 478 pulchrior:

77 487 146 534 Ea
173 499 315 534 nocte
346 504 538 535 mecum
568 488 645 533 illa
680 489 873 549 hospitis
896 490 1028 552 jussu
1056 488 1159 536 fuit.

70 558 272 607 Vosmet
293 559 452 608 videte
467 594 482 616 ,
512 575 659 620 quam
687 559 806 605 mihi
834 561 970 606 valde
994 562 1255 622 placuerit!

72 632 302 678 Postridie
318 621 572 694 ⁵hospitem
598 630 717 678 adeo
734 666 748 689 ‚
782 648 866 678 oro
885 667 900 689 ,
934 644 989 679 ut
1011 635 1188 681 vendat
1214 636 1354 682 mihi.‘

73 704 198 751 Dico
220 705 317 768 ejus
334 721 422 766 pro
445 703 621 751 meritis
637 715 822 768 gratum
846 721 925 751 me
949 716 996 751 et
1016 723 1216 754 munem
1235 707 1350 754 fore.

74 774 212 845 Quid
239 775 391 822 verbis
420 791 539 837 opus
567 775 671 823 est?
699 777 817 834 emi,
840 783 985 838 atque
1007 778 1177 824 advexi
1203 779 1318 825 heri.

71 848 191 895 Eam
218 864 297 895 me
327 848 564 895 advexisse
585 850 701 894 nolo
726 850 933 895 resciscat
960 862 1105 912 pater.

68 916 223 968 'Modo
257 924 362 969 eam
388 922 560 982 reliqui
595 921 656 968 ad
684 934 882 985 portum
909 923 960 968 in
994 923 1135 981 navi,
1173 933 1221 968 et
1256 939 1345 968 ser-

328 995 511 1040 volum.
957 1056 966 1059 -

75 1065 172 1116 Sed
199 1066 319 1128 quid
348 1077 617 1114 currentem
641 1084 828 1114 servom
852 1085 877 1112 a
899 1079 1044 1130 portu
1075 1067 1352 1130 conspicor?

73 1140 239 1212 Quem
269 1141 379 1187 navi
414 1141 542 1187 abire
571 1142 732 1190 vetui:
767 1142 915 1188 timeo
935 1176 948 1200 ‚
979 1142 1099 1203 quid
1126 1143 1222 1188 siet.

437 1302 821 1351 SCENA
904 1305 1002 1350 ῙῙ.

123 1457 1303 1502 AGANTH10‚CHARJNUS.

451 1612 979 1648 ACANTHIO.

76 1674 213 1784 EX
245 1737 439 1784 summis
470 1737 641 1799 opibus
674 1738 952 1799 viribusque
981 1755 1134 1801 usque
1170 1741 1356 1801 experi-

326 1831 375 1859 re
391 1847 406 1870 ‚
441 1813 621 1871 nitere,

78 1883 230 1932 Herus
250 1879 315 1932 “ut
347 1887 505 1932 minor
541 1904 683 1948 opera
721 1898 804 1934 tua
834 1900 1069 1936 servetur:
1115 1890 1354 1954 agedum,

332 1959 567 2007 Acanthio
584 1996 598 2018 ‚
1386 1957 1392 1964 ’

70 2027 229 2096 Abige
267 2033 346 2078 abs
377 2044 425 2078 te
460 2034 794 2081 lassitudinem.
843 2052 953 2082 cave
981 2036 1192 2100 pigritiae
1221 2051 1355 2097 prae-

330 2116 550 2152 vortens:

84 2171 237 2219 Simul
275 2187 435 2222 autem
476 2180 760 2239 plenissume
805 2196 881 2226 eos
905 2214 920 2237 ,
969 2181 1055 2241 qui
1101 2180 1355 2227 advorsum

333 2260 448 2294 eunt
464 2284 478 2306 ‚
511 2253 723 2313 aspellito
740 2287 754 2310 ‚

85 2317 333 2376 Detrude,
367 2319 564 2368 deturba
594 2325 645 2370 in
671 2325 811 2371 viam.
855 2325 970 2370 haec
997 2324 1074 2369 hic
1113 2322 1356 2383 disciplina

342 2407 555 2451 pessuma
575 2396 628 2440 ’st
643 2430 657 2454 ,
