1618 2866
49 191 203 237 v.,113
323 175 611 224 ACTUS
665 177 724 223 V.
781 176 1064 226 SC.7111.
1229 197 1317 243 213

47 282 187 346 Agite
220 284 362 344 equi,
408 283 598 330 facitote
641 285 821 330 sonitus
852 287 1138 350 ungulaxum
1176 303 1319 349 appa-

294 369 424 402 reant

46 431 198 478 Cursu
224 433 385 478 celeri:
418 431 556 478 facite
580 420 754 497 iriflexa
772 435 830 480 sit
851 434 1034 496 pedum
1057 436 1315 497 pemicitas.

531 530 554 563 s
588 531 618 563 Ε
654 533 686 564 N
721 531 751 563 Ε
786 531 836 564 x.

45 590 209 636 Mihin’
241 591 373 652 equis
395 590 573 654 junctis
597 590 810 638 minare?

329 688 373 721 M
407 689 436 721 E
471 689 504 721 N
539 688 573 720 Α
606 690 637 722 E
677 689 703 721 C
742 688 775 720 H
813 688 856 721 M
892 688 927 720 U
967 687 1005 721 S.

710 748 856 804 Ecce,
888 746 1092 808 Apollo,
1115 748 1279 794 denuo

42 820 123 867 Me
140 819 278 884 jubes
303 819 450 866 facere
472 819 691 880 inpetum
718 819 768 864 in
811 835 945 876 eum,
975 819 1062 880 qui
1098 830 1209 877 stat,
1241 830 1312 865 at-

293 907 388 952 que
417 890 640 936 occidere.

41 962 134 1011 Sed
160 963 266 1024 quis
288 963 363 1008 hic
392 973 458 1007 est
474 997 487 1018 ‚
524 962 609 1022 qui
636 977 714 1006 me
741 961 908 1022 capillo
942 961 1053 1006 hinc
1083 960 1143 1006 de
1169 976 1309 1006 curru

248 1074 255 1077 .
288 1037 457 1097 deripit
474 1036 495 1079 Ξ)

42 1108 301 1169 Imperium
334 1119 476 1152 tuum
507 1105 747 1161 demutat,
770 1115 913 1164 atque
947 1103 1131 1149 dictum
1158 1101 1309 1164 Apol-

287 1179 404 1225 linis.

517 1255 539 1288 S
573 1255 603 1288 E
639 1256 672 1288 N
705 1254 735 1287 E
770 1254 820 1287 X.

40 1316 151 1362 Heu
178 1316 333 1378 hercle
363 1315 587 1360 morbum
615 1331 768 1360 acrem
798 1328 851 1358 ac
878 1311 1084 1359 durum!
1106 1312 1190 1359 Dii
1216 1330 1303 1360 vo·-

285 1400 422 1435 stram
454 1388 624 1434 fidem!
748 1388 750 1392 ⁴

38 1460 127 1508 Vel
152 1462 227 1507 hic
260 1462 345 1522 qui
375 1461 568 1518 insanit,
597 1474 743 1521 quam
766 1461 914 1506 valuit
943 1462 1088 1521 paulo
1116 1460 1265 1521 prius!

36 1533 94 1580 Ei
124 1533 376 1595 derepente
406 1544 562 1579 tantus
590 1533 784 1578 morbus
813 1532 992 1578 incidit.

36 1599 158 1664 Ibo,
192 1617 336 1667 atque
359 1605 586 1652 ‘arcessam
615 1606 857 1651 medicum
886 1607 1016 1669 jam,
1061 1615 1303 1666 quantum

281 1690 449 1741 potest.

344 1801 730 1849 SCENA
817 1800 974 1846 ΙΙΙ.

214 1915 870 1968 MENAECHMUS
917 1900 1120 1947 Sosicles,

41 1966 101 2087 J
104 2040 276 2075 AMNE
313 2030 386 2076 isti
418 2030 663 2090 abierunt,
706 2044 909 2090 quaeso,
946 2043 1007 2074 ex
1039 2037 1297 2088 conspectu

283 2118 391 2147 meo
411 2137 426 2160 ‚

40 2170 141 2241 Qui
165 2187 242 2216 me
265 2172 313 2217 vi
330 2186 531 2238 cogunt,
558 2185 614 2219 ut
637 2172 816 2219 validus
840 2171 1064 2217 insaniam
1079 2172 1101 2216 Ρ

39 2244 175 2313 Quid
203 2259 323 2289 cesso
345 2246 467 2291 abire
489 2247 549 2292 ad
571 2242 741 2293 navem
754 2279 767 2303 ,
797 2245 914 2290 dum
937 2245 1061 2289 salvo
1083 2243 1192 2288 licet
1206 2244 1228 2287 Ρ

38 2317 232 2376 Vosque
263 2316 412 2361 omnis
443 2334 641 2377 quaeso,
676 2318 711 2363 si
732 2334 874 2363 senex
894 2316 1151 2371 revenegst,

38 2390 112 2435 Ne
135 2405 213 2435 me
238 2387 471 2446 indicetis,
501 2406 596 2450 qua
617 2392 770 2452 platea
795 2391 906 2443 hinc
940 2388 1212 2452 aufugerim.
1287 2401 1290 2405 ’

164 2465 166 2467 ,
995 2459 1043 2506 O
1076 2473 1105 2517 3
