1618 2866
69 143 202 190 v·¹4
347 157 352 162 .
479 125 812 173 ACTUs
876 125 938 172 v.
1253 138 1354 187 459

71 239 177 308 Qui
209 237 362 284 omnis
391 251 438 282 se
470 252 623 282 amare
651 234 823 292 credit,
862 249 1085 296 quaeque
1119 232 1350 296 aspexerit

70 312 264 360 Mulier:
299 327 411 356 eum
446 309 588 356 odere
626 326 721 370 qua
746 309 864 365 viri,
895 325 990 369 qua
1021 307 1252 354 mulieres·

69 383 211 430 Nunc
233 384 284 429 in
310 384 581 429 tumultum
610 382 717 428 ibo:
750 381 878 426 intus
910 382 1165 427 clamorem
1189 378 1349 427 audio.

397 546 1021 622 ACTUsv.

103 700 724 740 PERIPLECTOMENES,
760 700 1312 739 PYRGoPoLINICES,

403 796 610 833 cARlo,
651 797 1015 832 SCELEDRUS.

232 926 1210 964 PERIPLECTOMENES.

70 980 372 1092 DUCITE
397 1045 564 1089 istum:
596 1044 632 1089 si
658 1059 760 1089 non
788 1032 1026 1104 sequstur,
1043 1043 1192 1106 rapite
1210 1044 1355 1090 subli-

326 1133 456 1162 mem
485 1116 629 1162 foras!

71 1187 227 1235 Facite
250 1189 371 1235 inter
398 1200 568 1234 terram
595 1201 741 1251 atque
762 1188 954 1235 coelum
980 1197 1036 1233 ut
1059 1186 1244 1234 medius
1273 1188 1351 1233 sit:

330 1261 590 1306 discindite.

271 1346 1172 1382 PYRGOPOLINICES.

70 1402 285 1450 Obsecro
310 1405 464 1450 hercle
481 1439 494 1462 ‚
522 1406 929 1467 Petiplectomene
945 1443 958 1464 ‚
990 1419 1052 1453 te.

233 1498 1214 1534 PERIPLECTOMENES.

587 1561 933 1621 Nequidquam
953 1544 1125 1607 hercle·
1134 1561 1353 1608 obsecras.

76 1630 228 1689 Vide,
251 1644 307 1678 ut
329 1632 429 1678 istic
449 1632 535 1677 tibi
558 1632 614 1677 sit
634 1645 796 1679 acutus
810 1668 823 1690 ‚
846 1633 1003 1691 Cario,
1020 1636 1170 1680 culter
1189 1636 1357 1696 probe.

567 1728 873 1762 CARIO.

81 1789 218 1859 Quin
245 1790 535 1854 jamdudum
571 1791 707 1855 gestit
738 1793 943 1838 moecho
987 1794 1080 1839 hoc
1117 1793 1358 1839 abdomen

209 1859 213 1862 ’
333 1863 540 1909 adimere
558 1899 572 1921 ,

79 1931 146 1979 Ut
178 1934 341 1981 faciam
355 1968 375 1994 ‚-
414 1938 542 1997 quasi
570 1954 721 1999 puero
750 1938 801 1983 in
831 1940 955 1985 collo
987 1939 1230 2000 pendeant
1260 1955 1360 1984 cre-

329 2011 524 2071 pundia.

78 2103 1173 2196 PU'PYRGOPOLINICES.

120 2166 227 2196 eru.

563 2237 589 2269 c
627 2237 661 2268 A
698 2238 731 2269 R
770 2236 790 2268 1
828 2237 875 2269 o.

212 2289 358 2337 Haud
391 2293 559 2352 etiam,
590 2313 792 2343 numero
823 2298 918 2343 hoc
946 2298 1071 2343 dicis.
1106 2298 1271 2361 jamne
1308 2298 1359 2344 in

816 2370 1066 2415 hominem
1098 2369 1296 2415 involo?
