1618 2866
178 129 269 191 298
498 123 1101 174 MERCATOR.
1335 130 1472 189 v.56

568 246 1100 282 GHARINUS:

175 319 365 381 Edepol
395 334 483 365 nae
515 319 594 364 ille
628 319 845 384 oblongis
876 318 1008 365 malis
1038 318 1171 367 dedit
1201 320 1322 368 mihi
1361 338 1465 368 ma-

438 408 591 456 gnum
617 393 814 438 malum.

172 467 287 514 Non
310 483 505 528 possum
537 467 703 513 durare
726 502 738 525 ,
776 477 960 514 certum
979 465 1034 512 ’st
1062 465 1330 513 exsulatum
1353 466 1466 512 hinc

388 570 401 585 .
432 539 498 585 ire
531 556 623 585 me.

175 612 271 659 Sed
287 629 433 674 quam
451 614 633 675 capiam
654 613 892 661 civitatem
909 648 922 671 ‚
952 614 1109 678 cogito
1125 614 1468 678 potissumum:

176 688 391 752 Megara,
418 689 647 735 Eretriam
661 723 673 746 ,
695 688 985 735 Corinthum
999 722 1011 745 ‚
1029 687 1305 734 Chalcidem
1319 721 1332 744 ‚
1355 687 1471 732 Cre-

433 773 566 818 tam,
596 761 812 823 Cyprum
828 795 842 818 ,

177 834 467 900 Sicyonem,
518 837 772 894 Gnidum,
823 836 1132 898 Zacynthum
1151 869 1164 893 ‚
1212 835 1431 882 Lesbiam
1451 867 1467 892 ,

433 909 699 956 Boeotiam.

571 1012 602 1044 E
641 1011 675 1043 U
715 1012 744 1043 T
781 1012 815 1044 Y
853 1012 879 1044 c
915 1011 950 1043 H
986 1011 1020 1044 U
1057 1012 1095 1046 s.

181 1077 280 1123 Cur
309 1077 428 1123 istuc
466 1088 654 1139 coeptas
687 1077 978 1125 consilium?

574 1183 600 1216 c
639 1184 674 1216 H
709 1183 745 1216 A
782 1185 815 1217 R
851 1183 873 1215 1
908 1184 942 1216 N
979 1182 1015 1215 U
1051 1181 1089 1216 s.
1496 1232 1499 1234 .

676 1254 805 1322 Quia
836 1254 966 1299 enirn
1002 1269 1081 1299 me
1108 1252 1297 1299 afflictat
1329 1268 1475 1299 amor.

574 1358 1098 1393 EUTYCHUS.

186 1422 324 1471 Ouid
351 1433 407 1469 tu
437 1425 533 1470 ais?
567 1426 715 1487 quid,
756 1443 910 1487 quom
939 1425 1077 1483 illuc,
1114 1442 1217 1486 quo
1250 1441 1383 1472 nunc
1411 1426 1479 1470 ire

448 1498 648 1558 paritas,
678 1498 890 1545 veneris?

187 1567 236 1615 Si
266 1568 335 1614 ibi
366 1586 519 1615 amare
550 1569 671 1617 forte
707 1571 932 1632 occipias,
972 1579 1116 1630 atque
1143 1567 1259 1630 item
1290 1567 1388 1629 ejus
1420 1566 1478 1610 sit

449 1643 637 1705 inopia,

183 1713 292 1773 Jam
319 1712 433 1759 inde
461 1732 604 1776 porro
635 1715 877 1779 aufugies?
910 1711 1113 1759 deinde
1102 1721 1220 1756 item
1250 1708 1407 1766 illinc,
1440 1708 1477 1753 si

447 1798 563 1833 1tem
594 1798 834 1834 evenent:

192 1859 314 1929 Quis
349 1859 523 1904 modus
560 1860 650 1906 tibi
683 1858 844 1905 exsilio
884 1856 1083 1903 tandem
1119 1852 1351 1901 eveniet?
1394 1852 1481 1913 qui

455 1933 559 1978 finis
594 1932 764 1996 fugae?

197 2005 337 2075 Quae
363 2004 511 2067 patria
536 2017 618 2051 aut
647 2004 819 2050 domus
839 2001 929 2048 tibi
957 1999 1128 2054 stabilis
1153 2015 1245 2045 esse
1273 1995 1483 2060 poterit?
1543 2020 1548 2021 ⁷

453 2077 529 2124 dic
561 2078 691 2123 mihi.

197 2150 361 2209 Cedo,
386 2151 420 2196 si
443 2152 529 2197 hac
561 2151 678 2198 urbe
705 2149 833 2207 abis,
866 2163 1078 2194 amorem
1105 2156 1153 2191 te
1180 2144 1257 2190 hic
1287 2142 1481 2189 relictu-

452 2241 561 2270 rum
587 2224 758 2286 putas?

201 2296 252 2345 Si
283 2298 334 2345 id
364 2298 485 2346 forte
522 2298 586 2344 ita
619 2309 686 2344 sat
725 2297 886 2343 animo
923 2305 1174 2357 acceptum
1193 2294 1272 2338 ⁹:st
1309 2289 1360 2336 id
1392 2270 1482 2350 pro

465 2382 592 2420 certo
622 2371 658 2418 si
690 2370 859 2417 habes:
