1618 2866
89 145 229 204 ma
373 146 689 198 ‚ACTUS
738 147 800 195 v.
851 146 957 195 sc
1005 150 1084 197 11.
1277 168 1374 214 323

477 268 508 302 E
547 267 582 300 U
619 267 650 301 T
689 268 722 302 Y
759 268 786 300 C
824 267 858 301 Η
895 266 931 300 U
968 269 1007 304 S.

583 326 714 396 Quia
737 343 838 372 non
861 338 929 373 est
950 327 1018 372 illi
1040 330 1369 380 commodum.

482 413 509 445 c
545 411 581 445 Η
614 411 650 452 ᾼ
684 412 718 446 n
752 412 773 446 1
810 413 844 445 N
882 412 917 445 U
953 413 991 446 s.

91 474 226 521 Itane
248 470 565 519 commodum
596 472 664 517 illi
697 488 799 518 non
834 483 931 531 est,
963 490 1088 535 quae
1109 490 1189 522 me
1210 479 1379 527 amat?

307 599 315 605 ⁶
353 561 502 606 quam
532 561 620 608 ego
648 555 812 591 contra
838 546 983 591 amo?

89 619 335 666 Omnibus
359 619 437 664 hic
462 617 731 673 ludificatur
750 634 831 663 me
848 618 1016 664 modis.
1049 635 1142 684 ego
1159 622 1374 680 stultior,

91 692 196 762 Qui
225 692 299 738 isti
336 691 535 738 credam.
576 703 910 738 conmoratur.
947 693 1254 756 chlamydem
1291 711 1370 764 su:-

341 780 473 810 mam
502 763 677 809 denuo.

476 849 508 883 Ε
542 848 577 881 u
614 848 647 881 'r
682 848 715 880 Υ
745 850 773 882 c
808 848 843 882 Η
878 847 915 883 U
952 847 991 882 s.

89 911 232 958 Mane
255 927 535 974 parumper,
560 922 706 971 atque
729 911 823 956 hoc
845 909 971 955 audi.

475 998 502 1030 c
538 998 573 1031 Η
612 999 645 1030 Α
682 998 716 1030 R
751 997 771 1028 1
810 998 845 1030 N
882 996 993 1034 115.

606 1057 732 1117 Cape
756 1056 837 1112 sis,
863 1071 1010 1116 puer,
1035 1056 1130 1102 hoc
1153 1057 1369 1118 pallium.

478 1141 511 1175 Ε
545 1141 580 1174 σ
616 1141 647 1174 τ
683 1142 718 1174 Υ
753 1141 782 1174 c
816 1141 853 1174 n
886 1140 923 1173 Π
959 1140 997 1174 s.

94 1205 247 1252 Mater
276 1205 392 1251 irata
420 1215 488 1250 est
514 1204 636 1266 patri
659 1204 992 1262 vehementer,
1018 1203 1131 1264 quia
1159 1214 1373 1250 scortum

285 1281 292 1284 “
350 1276 440 1322 sibi

93 1348 176 1395 Ob
209 1349 371 1394 oculos
410 1347 660 1394 adduxerit
698 1347 748 1393 in
783 1347 910 1394 aedis
927 1382 942 1407 ‚
980 1348 1102 1395 dum
1143 1348 1241 1394 ruri
1268 1348 1366 1409 ipsa

339 1419 471 1467 abest
492 1439 503 1465 :

90 1490 359 1554 Suspicatur
381 1491 511 1538 illam
538 1492 738 1539 amicam
765 1507 858 1538 esse
888 1492 970 1536 illi.

470 1588 497 1621 c
533 1587 568 1620 H
602 1586 637 1620 A
673 1589 706 1621 R
741 1587 762 1619 1
798 1588 832 1620 N
868 1587 904 1619 U
941 1586 980 1619 s.

932 1646 1122 1693 Zonam
1147 1646 1326 1692 sustuli.

483 1733 514 1766 Ε
548 1733 585 1766 u
620 1733 652 1765 Τ
686 1733 721 1766 Υ
757 1733 786 1765 c
820 1732 855 1766 Η
890 1732 926 1765 u
963 1732 1000 1765 s,

92 1793 210 1840 Eam
235 1809 338 1841 rem
360 1809 492 1840 nunc
526 1794 733 1853 exquirit
757 1793 898 1839 intus.

474 1880 502 1911 c
537 1878 574 1912 Η
606 1878 642 1912 A
676 1879 711 1912 R
745 1878 766 1910 1
801 1879 836 1911 N
871 1877 907 1910 u
942 1877 981 1911 s.

652 1938 760 1996 Jam
788 1938 1031 1984 machaera
1047 1938 1103 1983 ’st
1127 1937 1178 1982 in
1201 1950 1362 1981 manu.

476 2030 509 2062 Ε
543 2028 581 2060 11
615 2029 648 2061 ‘r
684 2029 719 2060 Υ
756 2029 783 2061 c
823 2029 858 2062 Η
894 2027 931 2061 U
966 2028 1004 2062 s.

97 2084 219 2130 Nam
243 2085 281 2130 si
307 2101 365 2133 eo
387 2098 437 2134 te
462 2104 595 2135 nunc
626 2089 942 2135 introducam.

480 2181 508 2213 c
547 2181 582 2214 u
616 2181 651 2214 Α
684 2183 718 2215 R
752 2182 773 2214 1
807 2182 841 2215 N
876 2181 913 2212 u
948 2181 988 2215 s.

493 2239 638 2286 Tollo
663 2243 923 2303 ampullam
937 2275 951 2298 ,
986 2251 1132 2302 atque
1155 2237 1268 2286 hinc
1291 2253 1366 2284 eo.

477 2321 511 2355 ιτ.
544 2322 581 2354 U
614 2324 648 2356 'r
680 2326 716 2358 Υ
750 2325 778 2359 c
812 2326 848 2359 R
883 2325 920 2358 Π
955 2325 995 2361 s,

99 2379 240 2426 Mane
254 2413 269 2439 ‚
305 2393 474 2439 mane,
504 2379 716 2428 Charine.

1035 2454 1141 2500 ΧΩ
