1618 2866
275 193 369 256 384
502 187 758 236 MILES
811 188 1306 241 GLORIOSUS.
1404 191 1552 253 bv.66

631 308 653 341 s
690 288 716 340 ὁ
754 308 785 340 E
822 307 852 340 L
889 308 920 341 E
956 308 991 340 D
1027 309 1061 341 R
1096 307 1131 340 u
1167 308 1208 343 s.

272 375 497 424 Meruisse
522 371 750 433 equidem
774 387 855 416 me
876 385 1164 416 maxumum
1178 369 1327 417 fateor
1341 372 1554 428 malum,

270 452 333 498 Et
360 461 469 495 tuae
501 447 658 492 fecisse
691 463 770 491 me
796 446 1011 507 hospitae
1040 445 1115 509 ajo
1141 443 1389 508 injuriamt

268 524 366 571 Sed
395 538 555 568 meam
587 536 679 565 esse
704 520 902 565 herilem
931 518 1251 565 concubinam
1286 517 1489 579 censui,-

272 596 411 668 Quoi
436 611 516 641 me
546 592 796 640 custodem
828 593 967 638 herus
996 590 1181 637 addidit
1207 590 1520 637 Miles'meus.

269 671 393 717 Nam
425 685 485 714 ex
512 683 611 713 uno
639 677 791 728 puteo
821 665 1018 711 similior
1047 679 1321 724 numquam
1349 673 1508 724 potest

269 744 412 805 Aqua
447 756 597 802 aquae
637 739 791 796 sumi,
828 755 976 799 quam
1010 738 1125 783 haec
1159 747 1226 782 est
1245 770 1259 793 ,
1293 746 1442 797 atque
1469 735 1556 781 ista

528 810 726 872 hospita.

267 892 329 939 Et
356 906 434 935 me
470 887 673 948 despexe
701 885 763 931 ad
788 896 836 931 te
869 900 955 947 per
981 882 1257 946 inpluvium
1287 891 1431 928 tuum

265 965 447 1010 Fateor.

430 1039 1415 1080 PERIPLECTOMENES.

484 1104 623 1175 Quid
654 1104 706 1150 ni
734 1103 934 1161 fateare,
971 1120 1058 1168 ego
1087 1102 1225 1165 quod
1248 1102 1487 1150 viderim?

627 1192 649 1225 S
691 1192 717 1224 C
755 1191 786 1224 E
822 1190 852 1223 L
889 1191 918 1223 E
956 1187 992 1224 D
1029 1192 1062 1225 R
1098 1191 1134 1224 U
1171 1190 1209 1225 S.

267 1257 363 1305 Sed
393 1252 794 1302 Philocomasium
825 1269 904 1298 me
934 1252 1102 1300 vidisse
1132 1252 1306 1299 censui.

429 1346 1414 1382 PERIPLECTOMENES.

266 1411 474 1458 Ratusne
503 1423 581 1452 me
613 1406 713 1451 istic
747 1405 998 1451 hominem
1033 1423 1125 1452 esse
1159 1406 1384 1455 omnium
1412 1406 1552 1454 mini-

519 1480 588 1526 mi
617 1476 770 1541 preti,

267 1555 316 1602 Si
348 1571 435 1619 ego
452 1588 466 1610 ,
501 1568 582 1597 me
614 1551 788 1597 sciente
807 1585 821 1608 ‚
853 1561 1035 1612 paterer
1061 1551 1220 1598 vicino
1244 1568 1355 1598 meo
1417 1540 1423 1543 i

266 1630 386 1675 Earn
414 1626 513 1673 fieri
538 1624 670 1687 apud
697 1639 776 1670 me
799 1634 899 1669 tam
929 1625 1149 1690 insignite
1180 1624 1441 1690 injuriam?

627 1715 649 1749 s
689 1717 715 1748 c
755 1716 785 1748 Ε
826 1716 856 1749 Ι.
890 1716 921 1748 Ε
957 1716 993 1748 D
1030 1717 1064 1749 R
1100 1715 1135 1748 U
1173 1715 1211 1750 s.

266 1779 411 1826 Nunc
448 1778 649 1823 demum
675 1794 701 1822 a
731 1793 810 1821 me
842 1775 1116 1837 insipienter
1146 1777 1328 1824 facturn
1357 1791 1451 1822 esse
1483 1790 1552 1826 ar—

522 1850 671 1895 bitror
691 1883 704 1905 ‚

270 1924 444 1992 Quom
473 1938 575 1968 rem
598 1937 856 1984 cognosco:
883 1931 931 1966 at
963 1935 1065 1966 non
1093 1919 1324 1966 malitiose
1354 1930 1517 1967 tamen

267 1997 392 2043 Feci.

430 2069 1411 2106 PERIPLECTOMENES.

330 2134 490 2180 Immo
507 2131 713 2195 indigne.
734 2146 946 2190 namque
964 2130 1214 2183 hominem
1232 2146 1422 2176 servom
1441 2147 1548 2178 suos
1573 2190 1575 2192 q

267 2207 491 2254 Domitos
519 2206 690 2251 habere
726 2213 915 2266 oportet
950 2204 1111 2248 oculos
1129 2238 1142 2261 ,
1175 2214 1223 2248 et
1252 2219 1421 2250 manus
1436 2213 1463 2261 ‚*

268 2279 663 2340 orationemque.

624 2362 646 2396 s
686 2362 712 2394 c
751 2360 782 2392 E
819 2360 849 2392 L
885 2360 915 2392 Ε
955 2360 990 2391 D
1029 2360 1061 2392 R
1100 2359 1135 2392 U
1174 2357 1211 2393 s.

685 2421 884 2487 Egone?
919 2422 954 2468 si
986 2433 1094 2483 post
1122 2420 1253 2468 hunc
1289 2418 1417 2467 diem
