1618 2866
395 82 411 108 .
1014 70 1026 91 l

233 229 292 274 Μ
486 209 1250 259 ARGUMENTUM

230 333 353 368 tum,
387 318 502 382 quod
522 317 706 382 foenore
740 328 959 381 acceptum
992 319 1210 369 solverat,
1243 323 1395 366 statim
1430 339 1512 367 nud

227 394 390 441 merari
405 392 654 439 Daniscae,
673 392 748 454 qui
762 407 864 436 mox
884 391 1143 438 adventurus
1170 406 1265 439 erat
1290 412 1384 440 cum
1411 396 1516 441 ado-

228 470 422 514 lescente.
457 465 516 510 Id
537 467 702 527 negotii
729 465 860 511 datur
885 465 1086 530 Epidico,
1113 469 1187 532 qui
1212 480 1306 514 arte
1333 471 1516 515 circum·-

228 542 351 588 venit'
373 555 540 588 senem,
569 549 614 584 et
632 537 867 603 persuadet
898 540 963 587 ei,
991 551 1040 584 ut
1060 547 1384 604 praemercetur
1401 541 1518 604 fidi-

227 616 399 660 cinam,
436 621 563 676 qtcam
581 612 714 675 filius
735 611 904 676 perdite
929 623 1109 658 amaret.
1148 613 1224 658 Ita
1250 612 1350 659 illas
1375 613 1518 658 minas

229 686 313 732 XL
351 687 495 733 elicit,
533 697 575 730 ec
609 685 862 730 conductam
882 686 1149 749 fidicinam,
1179 688 1304 748 quasi
1337 685 1396 731 ad
1427 702 1516 731 rem

231 761 446 808 divinam,
468 759 644 805 adducit
660 759 720 803 ad
732 774 886 803 senem.
918 757 1023 804 Cum
1041 761 1186 804 omnia
1190 759 1329 822 facta
1339 759 1515 823 palam,

231 846 275 880 et
289 833 494 899 Epidicus
519 836 561 879 z'n
587 849 749 879 summo
770 832 964 897 periculo
990 844 1122 880 esset,
1148 833 1402 893 agnoscitur
1405 833 1518 895 filia

233 910 382 954 amissi
413 908 525 953 senis
543 926 556 950 :
586 923 692 970 quae
718 907 842 969 quasi
868 922 995 970 opera
1021 921 1072 951 ac
1099 904 1334 973 dz‘lzssgaez‘ntia1
1349 917 1519 973 reperta

232 986 292 1028 sit
324 1000 435 1030 sua,
472 983 538 1026 ita
568 998 714 1027 servus
752 980 993 1024 libertatem
1031 979 1204 1024 obtinet.
1251 978 1420 1028 Fabula
1455 989 1518 1023 est

235 1056 455 1116 eleganter
478 1055 731 1119 composita,
757 1054 802 1098 in
829 1069 993 1114 magna
1017 1054 1251 1101 varietate,
1277 1055 1398 1119 cujus
1422 1053 1518 1098 laus

235 1128 354 1193 apud
388 1131 525 1193 ipsum
560 1140 773 1173 auctorem
808 1138 955 1172 exstat
987 1128 1031 1172 in
1063 1126 1382 1175 Bacchidibus,
1414 1126 1514 1172 Act.

241 1204 307 1254 ΙΙ.
329 1219 371 1254 2,
389 1205 460 1250 ubi
477 1204 568 1252 ille,
589 1202 720 1250 illam
735 1213 983 1263 tamquam
1000 1194 1047 1248 se
1063 1201 1224 1265 ipsum
1242 1217 1420 1261 amare,
1439 1202 1516 1248 ait.
