1618 2866
283 196 378 253 565
761 202 799 248 Ρ
831 201 871 249 Ε
902 201 946 250 R
977 201 1008 250 S
1041 201 1097 250 A.
1462 225 1504 255 v.
1533 218 1558 266 ιζ

362 373 824 468 Aca-us
911 409 1473 470 PRIMUS.

658 565 1161 615 SCENAI.

307 699 1521 743 TOXILUS,SAGARIST100

696 828 1154 873 ToleUS.'

270 892 459 1043 9111
501 970 656 1000 amans
700 967 837 1019 egens
879 955 1106 1019 ingressus
1141 966 1209 1003 est
1245 958 1462 1022 princeps
1502 961 1553 1007 in

523 1028 690 1075 amoris
721 1029 815 1075 vias
831 1063 844 1087 ,

272 1104 522 1168 Superavit
551 1103 781 1149 aerumnis
811 1102 846 1148 is
870 1103 959 1148 suis
993 1119 1235 1151 aerumnas
1265 1105 1506 1153 Herculis:

269 1179 396 1226 Nam
431 1193 544 1224 cum
570 1177 708 1222 leone
726 1211 739 1232 ,
775 1187 822 1221 et
854 1191 966 1222 cum
997 1188 1179 1225 excetra
1196 1214 1211 1237 ,
1240 1195 1354 1227 cum
1380 1196 1550 1238 cerVO,

520 1265 633 1296 cum
664 1265 780 1310 apro
804 1249 1016 1296 Aetolico
1036 1285 1051 1308 ‚

267 1324 394 1371 Cum
416 1323 582 1370 avibus
611 1323 938 1385 Stymphalicis
954 1359 968 1381 ,
991 1341 1103 1371 cum
1125 1324 1308 1373 Antaeo
1338 1327 1550 1375 delucta-

520 1396 559 1442 ri
590 1396 811 1441 mavelim
827 1430 841 1452 ,

258 1471 429 1541 Quam
458 1485 572 1516 cum
605 1485 775 1528 amore.
814 1468 878 1514 ita
911 1469 974 1515 fio
1003 1471 1144 1516 miser
1175 1472 1450 1532 quaerendo
1476 1489 1547 1519 ar-

518 1556 661 1609 gento
695 1549 872 1590 mutuo
885 1562 897 1595 ;

264 1616 366 1666 Nec
401 1619 698 1680 quidquam,
726 1616 842 1675 nisi,
877 1617 987 1663 Non
1020 1629 1112 1675 est,
1146 1619 1296 1666 sciunt
1320 1620 1439 1667 mihi
1472 1637 1546 1667 re-

516 1693 775 1753 spondere,
811 1709 931 1754 quos
961 1709 1091 1757 rogo.

589 1789 1222 1824 SAGARISTIO.

259 1855 364 1923 Qui
380 1855 498 1901 hero
518 1874 602 1902 suo
623 1858 789 1902 servire
807 1858 910 1902 volt
926 1857 1049 1902 bene
1065 1874 1215 1903 servos
1241 1859 1510 1905 servitutem
1523 1894 1539 1918 ‚
1564 1916 1567 1919 ἱ

257 1927 360 1975 Nae
390 1929 565 1991 edepol
594 1930 731 1975 illum
767 1931 919 1974 multa
953 1930 1003 1975 in
1034 1941 1227 1991 pectore
1255 1947 1339 1976 suo
1374 1934 1539 1978 conlo—
1615 1938 1618 1983 j

514 2003 619 2048 cafe
652 2014 840 2064 oportet
857 2036 870 2057 ,
1613 2018 1618 2041 -·

263 2076 407 2145 Quae
437 2077 557 2123 hero
589 2078 773 2138 placere
806 2086 986 2149 oenseat
1019 2078 1260 2138 praesenti.
1281 2088 1425 2140 atque
1452 2079 1538 2126 ab·
1614 2067 1618 2146 J

517 2152 633 2198 senti
667 2168 767 2197 suo.
1610 2151 1618 2216 J

260 2219 364 2286 Ego
388 2239 546 2285 neque
569 2225 772 2270 libenter
796 2224 944 2270 servio
958 2258 970 2281 ,
999 2239 1156 2285 neque
1175 2225 1277 2271 satis
1295 2242 1399 2272 sum
1418 2227 1534 2273 hero
1611 2217 1618 2282 ’ξ

519 2311 578 2339 ex
608 2296 858 2341 sententia:
1610 2287 1618 2341 1

254 2362 352 2413 Sed
386 2367 517 2430 quasi
550 2367 682 2428 lippo
716 2369 856 2413 oculo
887 2385 964 2413 me
1004 2368 1141 2415 herus
1171 2387 1302 2416 meus
1333 2385 1526 2418 manum
1605 2343 1618 2487 ³

506 2438 736 2486 abstinere
762 2438 889 2486 haud
919 2440 1024 2501 quit
1064 2453 1219 2489 tamen
1234 2476 1252 2501 ‚
1603 2494 1618 2707 1

1609 2718 1618 2861 Ξ
