1618 2866
225 165 322 209 534
450 145 1250 198 MOSTEELARIA.
1418 154 1518 200 v.6

225 256 342 304 Non
379 256 609 318 equidem
643 257 792 302 ullam
833 257 884 303 in
914 257 1114 319 publico
1148 275 1242 306 esse
1281 259 1513 351 majorem

486 329 572 375 hac
609 329 860 375 existumo.

682 426 713 459 T
749 428 783 460 R
819 428 853 460 A
887 428 922 461 N
958 428 979 462 1
1017 429 1064 463 o.

223 485 362 556 Quin
396 503 484 551 ego
512 487 609 549 ipse
645 498 692 534 et
727 488 1058 536 Philolaches
1047 506 1098 537 m
1125 490 1324 554 publico
1358 492 1512 540 omnis

476 574 686 623 POI'thUS

225 632 400 681 Sumus
425 637 686 682 conmensi.

519 735 1239 771 THEUROPIDES.

516 793 655 864 Quid
686 796 860 860 igitur?

683 896 715 929 T
751 898 785 929 R
824 896 859 930 A
896 898 929 931 N
967 897 988 929 1
1025 897 1072 931 o.

690 957 858 1023 Longe
889 959 1111 1005 omnium
1137 957 1423 1022 longissuma
1441 957 1508 1003 ’st.

507 1058 1223 1093 THEUROPIDES.

221 1118 304 1166 Dii
323 1118 595 1165 inmortales
620 1120 905 1167 mercimoni
927 1120 1102 1182 lepidi!
1135 1119 1171 1165 si
1198 1118 1355 1165 hercle
1379 1132 1512 1163 nunc

476 1191 593 1238 ferat

220 1262 316 1309 Sex
336 1264 511 1309 talenta
539 1280 710 1328 magna
738 1265 916 1329 argenti
939 1281 1027 1326 pro
1054 1263 1147 1310 istis
1176 1261 1511 1326 praesentaria,

219 1335 505 1398 Numquam
537 1337 778 1399 accipiam.

678 1433 710 1466 Τ
746 1435 781 1467 R
816 1432 852 1465 A
889 1435 924 1467 N
963 1434 983 1465 1
1023 1434 1073 1466 o.

350 1490 425 1551 Si,
446 1493 585 1551 here,
613 1503 662 1539 te
683 1492 893 1554 accipere
918 1492 1102 1554 cupias,
1131 1508 1219 1556 ego
1243 1505 1512 1551 numquam

1205 1580 1369 1609 smam.

513 1650 1241 1686 THEUROPIDES.

218 1710 349 1757 Bene
376 1728 445 1757 res
477 1723 634 1758 nostra
664 1714 910 1760 conlocata
935 1725 1003 1760 est
1035 1713 1152 1759 istoc
1180 1710 1508 1758 mercimonio.

682 1815 714 1846 T
749 1816 783 1847 R
819 1814 854 1847 A
888 1816 923 1848 N
960 1815 982 1847 1
1019 1815 1066 1847 o.

220 1874 303 1921 Me
333 1890 517 1920 suasore
547 1885 694 1935 atque
720 1875 962 1936 inpulsore
994 1874 1046 1920 id
1075 1874 1256 1920 factum
1290 1871 1510 1917 audacter

473 1946 648 1993 dicito:

217 2020 322 2090 Qui
343 2020 537 2085 subegi,
570 2019 735 2066 fenore
765 2010 1016 2085 argentum
1043 2017 1103 2063 ab
1123 2016 1319 2064 Danista
1350 2027 1405 2064 ut
1427 2033 1506 2063 su·-

472 2106 651 2154 meret,

217 2169 465 2238 Quodisti
498 2170 716 2215 dedimus
746 2167 1011 2215 arrhaboni.

511 2263 1223 2301 THEUROPIDES.

837 2325 1083 2374 Servavisti
1114 2341 1314 2373 omnem
1336 2335 1500 2372 ratem.

212 2399 402 2464 Nempe
424 2400 667 2465 octoginta
699 2399 937 2446 debentur
963 2399 1075 2446 huic
1106 2399 1277 2445 minae.
