1618 2866
135 202 267 266 283
409 198 699 249 ACTUS
748 198 831 245 11.
881 196 987 247 SC.
1038 197 1164 246 ΙΙΙ.
1329 210 1425 264 275

530 329 558 361 c
594 327 629 362 n
668 325 702 360 A
736 325 771 359 R
804 325 827 360 1
861 325 895 359 R
930 325 967 359 u
1003 322 1042 358 s.

139 397 279 472 Quid
299 400 336 447 si
361 398 503 464 igitur
527 395 754 443 reddatur
778 393 848 440 illi
863 427 878 451 ,
909 392 1043 439 unde
1068 402 1196 439 emta
1219 402 1286 439 est
1301 391 1326 439 ?

557 496 594 530 D
635 495 667 528 Ε
703 493 747 526 Μ
781 493 803 526 1
836 493 866 526 P
901 491 936 525 Η
972 492 1020 525 o.

962 558 1166 609 Minime
1193 562 1425 626 gentium4

537 653 565 687 c
602 651 638 686 11
670 651 707 686 A
741 654 777 687 R
811 652 834 685 1
868 653 903 686 Ν
939 652 975 685 11
1010 653 1049 687 s.

148 722 285 773 Dixit
306 739 355 771 se
376 721 651 779 redhibere,
673 720 711 767 si
735 736 838 767 non
859 720 1054 783 placeat.

364 792 366 794 V
545 823 583 856 D
617 822 650 855 Ε
685 822 730 856 Μ
766 822 789 855 1
824 822 854 855 P
890 822 926 855 Η
962 823 1011 856 o.

933 891 1066 937 Nihil
1094 893 1211 940 istoc
1235 911 1334 957 opu
1348 896 1427 943 ’stz

148 967 352 1032 Litigase
381 966 498 1013 nolo
533 980 621 1028 ego
646 979 744 1009 vos.
773 979 922 1024 quam
950 975 1086 1012 tuam
1112 978 1274 1014 autem
1296 984 1432 1015 accu-

406 1038 491 1084 sari
521 1038 695 1093 fidem,

149 1114 309 1161 Multo
350 1113 562 1173 edepol,
596 1111 633 1156 si
669 1111 791 1171 quid
833 1111 1115 1162 faciundum
1145 1115 1199 1162 ’st
1216 1149 1232 1173 ,
1282 1114 1434 1164 facere

405 1183 566 1229 damni
592 1184 781 1229 mavolo
801 1218 815 1241 ‚

151 1260 316 1330 Quam
343 1258 803 1320 opprobramentum
824 1270 908 1306 aut
938 1259 1173 1325 flagitium
1195 1266 1430 1314 muliebre

406 1329 556 1376 efferri
584 1329 746 1375 domo.

155 1402 237 1449 Me
271 1403 361 1449 tibi
386 1404 516 1449 illam
542 1417 677 1464 posse
707 1400 878 1464 opinor
905 1401 1151 1449 luculente
1179 1405 1400 1454 vendere.

530 1504 558 1537 c
594 1502 630 1536 Η
653 1499 700 1535 Ἀ
733 1501 768 1534 R
802 1500 824 1533 1
858 1501 892 1533 N
927 1500 963 1533 U
1000 1501 1039 1536 s,

155 1571 291 1620 Dum
323 1571 523 1634 quidem
546 1570 703 1616 hercle
740 1584 803 1614 ne
833 1566 1027 1613 minoris
1053 1561 1255 1629 vendas}
1287 1587 1435 1632 quam

413 1660 501 1708 ego
529 1643 650 1700 emi,
673 1653 821 1704 pater.

560 1743 597 1775 D
635 1741 666 1774 E
703 1740 745 1772 M
780 1738 802 1771 1
837 1737 865 1770 P
904 1737 939 1770 Η
976 1737 1027 1771 0.

157 1811 284 1871 Tace
312 1810 485 1858 modo:
516 1824 660 1855 senex
685 1818 753 1854 est
778 1803 1006 1868 quidam,
1041 1806 1132 1868 qui
1156 1807 1287 1854 illam
1307 1825 1439 1856 man<

263 1879 265 1882 ¹
417 1882 547 1929 davit
574 1880 695 1927 mihi
966 1893 971 1895 ’

160 1952 227 1999 Ut
251 1970 455 2001 emerem
483 1953 545 2000 ad
571 1953 719 1998 istanc
744 1950 927 1998 faciem.

250 2038 257 2041 χ
446 2039 463 2057 ·
531 2049 559 2082 c
595 2048 630 2081 H
667 2047 703 2080 A
736 2048 785 2081 R.
805 2047 826 2080 1
862 2049 895 2081 N
931 2047 967 2081 u
1002 2047 1042 2082 s.

482 2115 549 2162 At
577 2115 695 2162 mihi
729 2115 926 2176 quidam
953 2116 1222 2164 adulescens
1240 2151 1254 2175 ,
1282 2128 1445 2180 pater,-

167 2185 412 2234 Mandavit
435 2188 497 2234 ad
523 2190 653 2235 illam
674 2187 843 2234 faciem
857 2222 873 2247 ‚
903 2189 969 2235 ita
992 2201 1049 2235 ut
1078 2190 1159 2235 illa
1189 2201 1282 2249 est,
1311 2207 1443 2238 eme-

420 2288 523 2320 rem
551 2274 653 2319 sibi.
1065 2284 1067 2286 ’

576 2366 1036 2402 DEMIPHO.

173 2429 357 2495 Viginti
389 2429 555 2488 minis,
584 2431 781 2492 opinor,
806 2449 941 2495 posse
965 2450 1046 2480 me
1068 2434 1199 2478 illam
1223 2429 1444 2478 vendere.

1127 2504 1158 2550 S
1195 2519 1220 2554 α
