1618 2866
114 151 214 187 tl
366 132 703 183 ACTUS
756 131 854 180 IV.
903 130 1003 179 SC.
1056 132 1155 180 VI.
1306 143 1402 195 313'

504 255 535 287 E
572 254 608 286 U
646 254 677 286 T
712 254 747 286 Y
782 254 810 286 c
846 253 880 285 Η
916 253 950 286 u
986 253 1024 288 s.

1063 313 1271 376 Sequere
1304 330 1399 361 me.

475 435 845 510 'SCENA
928 436 1032 483 VJ.

636 580 881 614 SYRA.

114 638 455 749 ECASTOR
485 700 589 763 lege
623 697 740 744 dura
766 698 936 745 vivont
966 698 1185 744 mulieres
1201 732 1216 755 ,

112 774 370 834 Multoque
395 772 649 833 iniquiore·
663 771 857 818 miserae
878 805 892 827 ‚
926 787 1074 831 quam
1102 770 1204 816 viri.

44 891 48 892 ⁷
115 844 239 891 Nam
266 845 302 890 si
329 845 401 891 vir
426 856 634 891 scortum
660 844 798 890 duxit
823 845 945 889 clam
973 860 1176 890 uxorem
1201 827 1334 889 suam
1350 875 1367 901 ‚

112 915 173 964 Id
205 916 242 962 si
270 917 454 963 rescivit
486 933 642 973 uxor,
677 917 862 976 inpune
884 915 939 960 ’st
968 915 1087 960 viro.

110 988 244 1035 Uxor
275 990 380 1036 viro
412 989 450 1035 si
483 990 604 1034 clam
640 987 790 1033 domo
828 1004 1003 1051 egressa
1020 988 1074 1033 ’st
1100 987 1248 1044 foras,

111 1058 230 1106 Viro
261 1060 317 1105 fit
342 1076 521 1116 caussa,
550 1059 755 1122 exigitur
783 1058 1104 1104 matrimonio.

110 1130 308 1176 Utinam
338 1131 418 1175 lex
454 1140 570 1175 esset
595 1129 763 1176 eadem
784 1164 798 1187 ,
839 1145 963 1190 quae
991 1129 1131 1175 uxori
1152 1129 1234 1185 ’st‚
1264 1128 1391 1174 viro!

114 1202 241 1248 Nam
266 1219 390 1249 uxor
410 1214 635 1250 contenta
654 1204 734 1260 ’st,
757 1219 878 1264 quae
901 1203 1029 1248 bona
1047 1203 1126 1259 'st‚
1154 1218 1254 1248 uno
1278 1202 1396 1248 viro.

115 1274 223 1342 Qui
247 1275 404 1321 minus
427 1276 499 1322 vir
522 1292 618 1322 una
638 1291 788 1321 uxore
814 1285 1070 1320 contentus
1100 1274 1187 1319 siet
1203 1275 1227 1320 ?

114 1347 304 1393 Ecastor
319 1381 334 1404 ‚
363 1347 508 1395 faxim
524 1382 539 1406 ,
570 1349 607 1394 si
630 1348 798 1394 itidem
830 1349 1098 1408 plectantur
1124 1347 1250 1403 viri,

115 1416 166 1486 Sj
196 1419 302 1478 quis
323 1420 444 1465 clam
474 1436 676 1466 uxorem
707 1420 897 1466 duxerit
930 1431 1139 1465 scortum
1170 1436 1331 1476 suam,

115 1487 182 1535 Ut
210 1489 317 1536 illae
348 1492 605 1555 exiguntur
623 1527 638 1551 ‚
674 1509 796 1554 quae
832 1492 883 1536 in
909 1507 956 1537 se
978 1491 1170 1552 culpam
1201 1506 1398 1537 conme-

367 1576 500 1622 rent‚
1205 1565 1209 1569 ’

110 1634 269 1683 Plures
299 1637 387 1683 viri
413 1632 511 1683 s'mt
535 1637 704 1694 vidui,
741 1653 889 1698 quam
916 1652 1050 1683 nunc
1080 1636 1312 1683 mulieres.

438 1774 912 1832 ACTUS
992 1777 1066 1834 V.

490 1892 1000 1939 SCENAI.

509 2028 1026 2063 CHARINUS.

118 2074 387 2187 LIMEN
431 2158 656 2204 superum
687 2144 1020 2206 inferumque,
1058 2146 1208 2203 salve,
1253 2147 1396 2192 simul

376 2225 536 2261 autem
564 2219 681 2263 vale.

118 2282 265 2331 Hunc
288 2283 433 2330 hodie
457 2296 754 2346 postremum
782 2292 964 2338 extollo
993 2307 1099 2337 mea
1138 2290 1285 2335 domo
1312 2305 1397 2348 pa·-

373 2357 458 2403 tria
486 2359 675 2420 pedem.
