1618 2866
0 0 293 25 §vav-tww'w
335 3 357 18 s
397 0 416 14 ⁷
444 6 465 15 ν

99 147 259 212 ιμ’
403 142 701 192 Ac‘rus
747 143 790 189 1.
841 103 1144 212 sc.11r.·
1278 151 1386 212 ῃ»
1429 158 1442 186 -,

386 257 1110 295 PHILEMATIUM.

459 321 596 390 Quin
633 335 779 366 mone
817 335 1021 379 quaeso,
1051 320 1088 368 si
1113 318 1236 382 quid
1266 336 1384 378 erro·-

557 413 580 447 s
616 415 643 448 c
679 413 715 446 A
749 413 778 447 Ρ
815 413 852 446 Η
886 413 936 446 A.

113 476 198 525 Tu
233 486 410 522 ecastor
434 491 578 533 erras,
611 491 737 536 quae
767 473 964 534 quidem
990 473 1128 521 illum
1149 486 1385 537 exspectes

359 564 544 604 unum,
577 557 723 607 atque
747 546 816 591 illi

110 622 301 668 Morem
331 621 579 702 praecipue
609 620 672 665 sic
706 635 863 683 geras,
896 629 1044 679 atque
1081 620 1196 666 alios
1232 637 1386 683 asper-

357 709 491 740 nens.

109 766 380 824 Matronae,
406 782 507 812 non
532 765 851 812 meretricium
868 766 923 811 ’st
938 799 952 823 ‚
982 781 1138 812 unum
1163 766 1384 816 inservire

353 850 605 886 amantem.

391 921 1104 955 PHILOLACHES.

105 979 195 1026 Pro
214 979 467 1042 juppiter!
498 995 610 1024 nam
639 979 775 1039 quod
802 980 984 1052 malum
1015 991 1226 1026 vorsatur
1247 998 1382 1028 meae

361 1053 496 1098 dorni
529 1051 684 1098 illud?

100 1124 184 1178 Dii
210 1124 438 1185 Deaeque
475 1139 638 1169 ornnes
675 1139 756 1168 me
782 1122 1010 1184 pessumis
1045 1125 1272 1185 exemplis
1311 1142 1383 1171 m,-

363 1194 623 1250 terficiant,

107 1266 211 1312 Nisi
242 1282 330 1331 ego
360 1266 491 1312 illam
522 1282 670 1312 anum
697 1266 974 1314 interfecero
999 1268 1101 1326 siti,
1127 1263 1381 1331 fameque,

354 1349 500 1398 atque
529 1338 652 1401 algu.
961 1377 981 1399 ·

104 272 139 308 (ἶ
189 267 199 274 ”

373 1423 403 1456 P
438 1422 473 1455 Η
495 1422 528 1454 'I
564 1422 595 1454 L
629 1421 661 1454 E
696 1423 739 1456 Μ
782 1424 817 1457 A
855 1423 887 1456 Τ
923 1425 943 1459 1
979 1424 1015 1456 U
1050 1425 1107 1458 M.

103 1482 233 1529 Nolo
251 1499 339 1547 ego
363 1482 483 1528 mihi
507 1485 630 1529 male
659 1496 733 1542 te,
755 1484 960 1547 Scapha,
990 1488 1268 1579 praecipere.

554 1577 578 1611 s
619 1578 646 1610 c
687 1579 724 1610 A
758 1578 786 1610 P
825 1578 858 1610 Η
896 1579 946 1610 A.

817 1636 969 1683 Stulta
996 1653 1042 1682 es
1062 1639 1230 1698 plane,
1257 1655 1380 1700 quae

106 1710 252 1787 Illum
284 1709 373 1755 tibi
403 1720 646 1755 aeternum
679 1720 825 1779 putes
843 1709 943 1755 fore
979 1710 1185 1757 amicum
1215 1722 1262 1757 et
1293 1713 1379 1759 be-

352 1783 673 1828 nevolentem.

103 1854 284 1902 Moneo
303 1873 391 1920 ego
416 1867 488 1901 te:
520 1867 568 1900 te
589 1855 767 1901 deseret
783 1857 862 1902 ille
880 1869 1029 1903 aetate
1049 1869 1097 1904 et
1122 1860 1342 1906 satietate.

377 1945 1101 1981 PHILEMATIUM.

104 2007 217 2053 Non
244 2026 392 2071 spero.

556 2082 579 2116 s
615 2085 643 2117 c
679 2084 712 2116 A
747 2085 775 2116 Ρ
812 2085 847 2117 Η
885 2085 933 2117 A.

235 2145 469 2206 Insperata
494 2146 716 2193 accidunt
740 2145 885 2207 magis
916 2161 1050 2206 saepe
1081 2160 1227 2205 quam
1242 2160 1375 2204 quae

1016 2233 1179 2278 spereS.

108 2290 350 2336 Postremo
368 2324 384 2347 ‚
403 2291 441 2336 si
466 2290 598 2339 dictis
613 2291 782 2353 nequis
808 2289 1033 2352 perduci,
1057 2302 1112 2338 ut
1136 2306 1244 2338 veta
1259 2290 1373 2335 haec

364 2361 544 2420 credas,
