1618 2866
86 199 212 246 v.35
375 183 665 234 AcTUs
718 188 795 234 11.
850 188 1062 239 sc.11.
1295 216 1352 261 97

469 316 499 349 E
536 317 563 350 P
599 318 620 350 1
655 319 691 350 D
726 319 747 351 1
783 321 810 353 c
847 321 883 354 U
919 321 957 356 s.

53 381 66 393 ⁸
84 376 210 423 Cum
238 377 341 435 illa,
379 394 525 438 quam
550 391 659 426 tuus
677 392 843 445 gnatus
867 400 1013 432 annos
1034 388 1212 435 multos
1245 388 1355 438 dea-

333 462 432 496 mat
449 486 462 508 ‚
492 452 700 514 deperit,

85 521 181 568 Ubi
210 522 483 584 fidemque,
504 541 730 587 remque,
759 545 935 592 seque,
969 543 1116 594 teque
1136 548 1359 598 properat

332 596 556 658 perdere:

84 666 151 714 Ea
168 669 532 730 praestolabatur
550 670 686 718 illum
703 674 834 735 apud
858 687 1059 736 portam.

401 765 431 798 P
464 766 495 800 E
529 768 563 801 R
596 768 619 801 I
655 769 684 803 P
720 769 755 803 H
789 771 824 803 A
859 771 894 803 N
929 770 959 803 E
996 772 1034 805 S.

872 828 1042 893 Viden’
1063 833 1349 888 veneficam!

83 963 86 966 Δ
462 917 494 950 Ε
534 919 563 953 P
598 919 620 952 1
654 920 690 952 D
727 902 751 952 1'
783 921 810 953 c
847 921 883 954 U
920 922 959 956 s.

36 986 40 987 ’
82 971 177 1021 Sed
204 976 394 1034 vestita,
421 990 577 1025 aurata
595 1014 609 1036 ‚
649 991 839 1039 ornata,
870 993 925 1028 ut
949 983 1131 1044 lepide!
1157 996 1213 1031 ut
1244 1002 1357 1033 con-

336 1051 500 1096 cinne!
538 1062 594 1097 ut
619 1054 772 1098 nove!

393 1150 423 1182 P
462 1150 490 1181 Ε
526 1151 560 1183 R
594 1149 616 1181 1
651 1150 678 1182 P
714 1150 748 1183 Η
786 1150 820 1183 A
857 1151 892 1185 N
926 1150 957 1184 Ε
995 1151 1032 1184 s.

81 1216 221 1284 Quid
254 1229 350 1263 erat
380 1219 582 1264 induta?
629 1236 689 1265 an
719 1221 927 1285 regillam
957 1221 1233 1269 induculam
1249 1257 1264 1281 ‚
1295 1240 1358 1270 an

333 1289 650 1335 mendiculasn
664 1324 678 1347 ‚

83 1359 429 1421 Inpluviatam?
440 1372 502 1423 'ut
516 1363 627 1408 istae
643 1363 822 1409 faciunt
837 1364 1126 1411 vestimentis
1141 1366 1352 1413 nomina.

467 1457 498 1490 Ε
536 1459 567 1491 P
600 1459 622 1491 1
658 1459 693 1491 D
730 1459 752 1491 1
788 1459 815 1491 c
852 1458 887 1491 U
924 1460 961 1493 s.
1270 1475 1299 1481 κ

84 1514 212 1563 Utin’
239 1517 511 1579 inpluvium
539 1519 708 1565 induta
735 1521 844 1566 eat?
1306 1517 1308 1520 ’

394 1618 425 1651 P
460 1618 490 1650 Ε
525 1619 560 1652 R
594 1618 615 1650 1
649 1619 679 1651 P
716 1619 751 1651 Η
788 1618 822 1650 Α
858 1620 891 1651 Ν
926 1618 956 1650 Ε
994 1618 1033 1651 s.

728 1677 866 1747 Quid
887 1678 1006 1723 istuc
1027 1687 1093 1723 est
1109 1677 1358 1723 mirabile?

86 1747 234 1817 Quasi
254 1763 356 1794 non
371 1747 531 1794 fundis
561 1760 810 1815 exornatae
827 1750 1006 1795 multae
1033 1748 1255 1794 incedant
1272 1763 1358 1810 per

334 1823 441 1869 vias.

87 1891 152 1940 At
181 1894 386 1949 tributus
423 1912 575 1956 quom
615 1897 851 1959 imperatu
876 1896 961 1954 'st,
996 1907 1171 1960 negant
1210 1894 1358 1956 pendi

208 1964 211 1965 ⁷
333 1979 539 2028 potesse:
842 2014 869 2046 ο

89 2036 207 2094 Illi-5,
228 2039 402 2099 quibus
418 2041 619 2086 tributus
636 2041 786 2105 major
799 2040 1052 2105 penditur,
1081 2040 1230 2102 pendi
1251 2052 1359 2102 pot*

344 2121 423 2155 est.

94 2179 231 2247 Quid
257 2180 394 2238 istae,
429 2199 551 2243 quae
582 2184 699 2231 vesti
728 2186 981 2245 quotannis
1004 2186 1202 2232 nomina
1225 2186 1359 2230 inve-

342 2268 483 2301 munt
504 2273 651 2302 nova:

95 2321 329 2369 Tunicam
359 2328 517 2374 rallam
537 2363 554 2385 .‚
591 2331 803 2377 tunicam
843 2331 1030 2391 spissam
1050 2366 1065 2390 ‚
1106 2329 1360 2377 linteolum

347 2411 619 2456 caesrcium,

167 2467 257 2513 Vol.
290 2468 353 2514 II.
1062 2472 1108 2516 G
