1618 2866
226 174 322 238 484
455 171 1252 225 MOSTELLARI‘A.
1385 193 1514 242 v.91'

509 292 1251 332 PHILEMATIUM.

227 365 359 412 Cedo
385 363 502 410 mihi
535 364 783 423 speculum
804 397 818 420 ,
847 374 894 409 et
925 380 1038 410 cum
1064 367 1348 413 ornamentis
1379 385 1512 415 arcu·-

479 438 575 482 lam
606 448 823 482 actutum
841 472 854 494 ‚
889 436 1093 500 Scapha:

213 513 401 558 Ornata
436 521 492 556 ut
522 510 605 555 sim
628 545 641 567 ‚
677 527 831 571 quom
869 511 964 557 huc
996 513 1155 560 veniat
1185 513 1508 575 Philolaches,

480 586 697 646 voluptas
729 602 848 631 mea.

671 679 693 712 S
734 680 760 712 C
799 679 834 711 A
870 680 899 712 P
935 681 969 713 H
1007 681 1057 714 A.

218 746 390 793 Mulier
421 759 543 804 quae
581 758 628 787 se
666 758 899 803 suamque
929 754 1131 800 aetatem
1166 745 1372 806 spernit,
1403 761 1508 808 spe-

477 818 588 863 culo
615 815 658 861 ei
688 833 777 862 usu
795 817 862 862 ’st.
1052 813 1054 816 ¹

215 891 354 963 Quid
376 907 477 952 opu
494 889 549 934 'st
571 889 764 949 speculo
784 888 873 934 tibi
888 922 902 946 ‚
924 905 1047 950 quae
1065 899 1171 936 tute
1191 891 1384 952 speculo
1403 906 1506 952 sped

468 962 634 1008 culum
665 978 709 1008 es
745 963 1065 1009 maxumum?

510 1054 1224 1091 PHILOLACHES.

212 1129 296 1176 Ob
315 1129 434 1173 istuc
454 1125 657 1171 verbum
673 1159 685 1182 ‚
705 1141 766 1170 ne
792 1125 1128 1187 nequidquam
1141 1161 1155 1185 ,
1168 1124 1501 1192 'Scapha2tam

203 1207 206 1213 '
471 1198 630 1260 lepide
663 1198 833 1244 dixeris
851 1234 865 1256 ,

211 1276 353 1324 Dabo
371 1272 555 1333 aliquid
567 1271 712 1317 hodie
731 1272 818 1318 tibi
832 1274 1009 1334 peculi,
1026 1273 1360 1321 Philematium
1378 1272 1512 1319 mea.v

500 1366 1237 1402 PHILEMATIUM.

204 1441 305 1490 Suo
341 1440 524 1503 quique
558 1439 667 1484 loco
711 1436 869 1483 viden’
899 1437 1092 1498 capillus
1132 1437 1237 1484 satis
1274 1432 1495 1499 conposiss·

459 1523 515 1558 tu
538 1512 592 1557 ’st
619 1509 912 1557 commode?

665 1606 687 1640 s
728 1608 754 1639 c
792 1580 828 1639 Α
865 1607 894 1640 P
930 1606 963 1639 H
998 1605 1048 1650 A.

203 1675 299 1723 Ubi
326 1686 381 1721 tu
412 1673 669 1721 commoda
695 1689 767 1732 eS,
795 1673 1021 1735 capillum
1049 1668 1363 1720 commodum
1395 1685 1488 1716 esse

459 1747 652 1793 credito.
1029 1798 1034 1802 Χ

495 1841 1208 1889 ΡΗΙιοιΑοΗΕε.

202 1902 333 1960 Vah,
384 1901 505 1963 quid
533 1901 611 1945 illa
643 1911 758 1961 pote
798 1901 930 1963 pejus
974 1901 1244 1963 quidquam
1287 1898 1486 1945 muliere

451 1972 782 2018 memorarier?

196 2049 341 2095 Nunc
364 2045 636 2093 assentatrix
658 2045 844 2091 scelesta
864 2056 956 2103 est,
985 2045 1174 2092 dudum
1195 2044 1485 2093 adversatrix

449 2131 558 2166 erat.

482 2212 1277 2246 PHILEMATIUM.-i

193 2274 328 2323 Cedo
356 2290 599 2321 cerussam.
850 2275 864 2298 ²
1237 2284 1246 2297 ‘
1403 2310 1409 2315 .

649 2357 671 2390 s
703 2331 734 2390 'c
771 2357 806 2391 A
843 2359 872 2391 P
909 2357 942 2390 H
979 2357 1027 2390 A.
1453 2363 1472 2387 ο

447 2419 585 2490 Quid
613 2434 787 2466 cerussa
814 2435 932 2482 opus
958 2419 1109 2466 nam?
