1618 2866
201 189 271 236 ‚82
606 184 1138 237 EPIDICUS.
1365 207 1496 253 v.51

604 309 637 342 T
673 309 707 342 Η
742 309 772 342 Ε
809 308 832 343 s
869 310 898 343 P
933 311 968 344 R
1002 311 1024 345 1
1060 311 1111 345 ο.

827 377 941 424 Tot.

611 469 643 505 Β
677 471 707 505 Ρ
742 471 772 506 1·
800 472 838 506 D
875 472 896 505 1
933 472 960 506 c
997 471 1034 505 U
1070 470 1110 507 s.

962 539 1290 610 Quadraginta
1321 541 1491 589 minis!

600 633 635 667 ‘r
674 632 711 668 n
744 634 776 668 Ε
813 633 837 667 s
870 634 900 666 P
935 635 970 668 R
1004 633 1024 668 1
1060 635 1109 669 o.

206 702 266 752 Id
283 701 402 751 adeo
426 713 676 768 argentum
695 703 756 749 ab
768 702 962 751 Danista
976 704 1108 767 apud
1123 704 1312 800 Thebas
1329 703 1495 752 sumsit

473 774 670 824 foenore
689 812 704 836 ,

203 851 263 898 In
290 850 387 898 dies
415 851 665 913 minasque
688 851 867 916 argenti
889 852 1090 917 singulas
1104 886 1119 911 ,
1155 852 1328 899 numis.

609 946 640 980 E
676 945 704 979 P
740 946 762 979 1
802 947 838 979 D
873 945 894 979 1
932 947 959 979 C
996 946 1032 980 U
1067 946 1105 981 S.

1311 998 1487 1060 Papae!

592 1085 624 1118 T
659 1085 695 1118 Η
730 1085 760 1118 Ε
796 1083 820 1118 s
855 1085 884 1118 P
919 1086 953 1119 R
987 1085 1009 1118 1
1046 1085 1096 1119 o.

204 1147 266 1195 Et
295 1147 333 1195 is
366 1145 560 1193 Danista
593 1145 788 1192 advenit
816 1161 914 1192 una
942 1161 1057 1191 cum
1085 1161 1172 1204 eo,
1204 1145 1292 1207 qui
1323 1158 1488 1209 argen-

463 1230 571 1265 tum
596 1218 734 1280 petit.

600 1312 631 1344 E
667 1311 694 1343 P
732 1310 754 1343 1
793 1311 829 1343 D
866 1311 887 1344 1
921 1312 950 1345 c
989 1310 1025 1344 U
1061 1311 1099 1346 s.

203 1377 287 1425 Dii
309 1378 604 1434 inmortaleS‚
628 1387 685 1422 ut
703 1393 791 1440 ego
815 1378 971 1423 interii
986 1377 1198 1425 basilice!

592 1467 624 1500 T
660 1466 695 1500 Η
729 1467 760 1500 Ε
797 1467 820 1501 s
857 1467 884 1499 P
921 1469 954 1501 R
990 1468 1011 1500 1
1049 1469 1100 1501 o.

811 1536 949 1607 Quid
968 1537 1106 1603 jam?
1130 1548 1214 1586 aut
1239 1536 1360 1599 quid
1381 1547 1480 1596 est,

201 1599 436 1665 Epidice?
1165 1613 1171 1618 ’

596 1686 628 1720 Ε
663 1687 692 1721 P
727 1687 749 1721 1
784 1689 820 1722 D
858 1689 879 1723 1
913 1689 942 1722 c
977 1688 1013 1721 U
1050 1686 1089 1723 s.

389 1751 601 1802 Perdidit
619 1770 713 1801 rne.

578 1847 611 1882 Τ
645 1849 681 1882 Η
717 1848 748 1881 Ε
785 1845 807 1880 S
842 1846 871 1879 P
906 1846 942 1880 R
975 1844 998 1878 1
1035 1843 1084 1878 0.

672 1915 833 1987 Quis?

582 2009 616 2044 E
651 2010 681 2043 P
715 2010 738 2042 1
775 2010 810 2042 D
846 2008 868 2042 1
903 2008 931 2042 C
968 2007 1005 2042 U
1039 2007 1080 2042 S.

756 2079 843 2125 Ille
860 2112 873 2136 ‚
902 2078 989 2139 qui
1014 2076 1223 2140 perdidit
1244 2094 1385 2126 arma.

585 2171 620 2205 Τ
653 2170 690 2206 11
723 2172 754 2206 Ε
791 2172 814 2206 s
849 2172 878 2206 P
907 2173 942 2207 R
975 2171 996 2205 1
1032 2171 1081 2206 o.

1339 2222 1464 2273 Nam

181 2286 319 2358 Quid
334 2285 435 2333 ita?

504 2380 507 2384 ·
575 2361 607 2398 Ε
642 2363 670 2398 P
705 2365 728 2398 1
764 2365 799 2399 D
836 2364 858 2398 1
891 2364 919 2398 c
957 2364 993 2398 U
1031 2363 1095 2400 s.·
1349 2402 1354 2406 ,

272 2433 406 2502 Quia
431 2431 604 2479 cotidie
626 2432 812 2507 ipsead
831 2450 911 2481 me
937 2434 998 2483 ab
1023 2434 1211 2501 legione
1239 2435 1457 2499 epistolas
1613 2413 1618 2507 1
