1618 2866
233 178 328 224 ⁹24
500 159 1239 211 MENAECHMEI.
1371 166 1514 212 v.18

231 270 410 318 Mittite
444 270 611 315 istunc.

522 354 1200 391 MENAECHMUS.

296 414 507 461 Obsecro
534 425 611 471 te,
639 413 852 475 quisquis
878 431 953 472 es,
972 413 1349 481 operam⁴utvdes
1365 415 1511 473 mihi,

229 489 340 535 Neu
367 487 483 532 sinas
504 487 555 532 in
581 504 660 533 me
687 487 908 551 insignite
931 487 1031 533 fieri
1062 498 1245 534 tantam
1264 486 1502 551 injuriam.

518 570 522 573 ’
621 584 663 617 Μ
699 584 729 616 Ε
768 583 791 617 s
831 583 852 616 s
890 583 919 615 E
955 584 990 616 N
1023 585 1044 617 1
1081 585 1128 618 ο.

228 650 390 696 Immo
423 658 470 704 et
505 662 698 708 operam
739 645 898 702 dabo,
931 655 978 690 et
1008 645 1294 704 defendam,
1315 638 1379 693 et
1405 647 1518 697 sub-

482 719 658 766 venibo
695 717 876 763 sedulo.

231 795 515 856 Numquam
549 804 596 838 te
630 791 779 853 patiar
807 791 986 853 perire:
1027 809 1108 840 me
1145 794 1296 855 perire
1339 805 1406 840 est
1441 810 1518 841 ae·-

492 881 647 926 quruS.

228 943 371 1003 Eripe
403 941 602 987 oculum
625 938 726 996 isti,
752 939 812 984 ab
835 938 1038 986 humero
1066 940 1154 1002 qui
1171 950 1219 986 te
1243 950 1406 1005 tenet,
1435 940 1517 986 he-

486 1029 569 1069 re,
603 1022 656 1057 te
683 1010 892 1057 obsecro.

232 1088 377 1134 Hisce
410 1094 498 1151 ego
511 1086 612 1150 jam
630 1096 895 1130 sementem
917 1084 969 1131 in
991 1101 1071 1132 ore
1091 1085 1291 1146 faciam,
1312 1103 1520 1152 pugnos-
1574 1143 1580 1147 ί
1611 1136 1618 1139 ,

498 1175 594 1220 que
622 1157 850 1204 obseram.

233 1238 470 1284 Maxumo
500 1234 645 1280 hodie
673 1234 827 1290 malo,
857 1232 1040 1291 hercle,
1065 1243 1225 1280 vostro
1253 1233 1407 1280 istunc
1430 1230 1521 1289 fer-

496 1308 566 1352 tis.
609 1307 799 1352 mittite.
849 1351 852 1353 ,

524 1397 567 1429 Μ
601 1398 632 1429 Ε
667 1398 702 1429 Ν
740 1396 774 1428 A
809 1397 839 1429 Ε
877 1397 903 1428 c
941 1397 975 1430 Η
1013 1399 1055 1432 Μ
1092 1398 1128 1431 U
1164 1397 1204 1431 s.

233 1462 401 1508 Teneo
437 1475 525 1522 ego
554 1457 667 1503 huic
703 1458 914 1502 oculum.

614 1554 675 1587 M.
693 1553 724 1586 E
762 1552 784 1586 S
823 1551 846 1586 S
882 1551 912 1584 E
950 1551 985 1584 N
1020 1551 1041 1583 1
1079 1550 1128 1583 Ο.

461 1610 607 1672 Facej
637 1625 693 1661 ut
723 1612 1006 1659 oculi'locus
1033 1610 1085 1656 in
1116 1610 1269 1671 capite
1287 1622 1517 1671 appareat.

234 1691 332 1738 Vos
353 1689 562 1745 scelesti,
595 1704 678 1735 vos
707 1701 890 1747 rapaces
907 1718 920 1742 ,
953 1700 1037 1730 vos
1063 1682 1340 1745 praedones.

660 1786 691 1818 L
727 1785 758 1817 Ο
797 1785 832 1818 R
866 1784 902 1817 A
936 1785 971 1818 R
1005 1784 1026 1816 I
1062 1783 1099 1816 I.

1231 1834 1485 1880 Periimus!

234 1904 444 1951 Obsecro
478 1904 647 1949 hercle.

556 1970 559 1972 ’
619 1989 662 2022 Μ
698 1989 727 2020 E
768 1988 789 2022 s
830 1987 852 2021 s
890 1987 919 2018 E
956 1986 990 2019 Ν
1024 1987 1044 2019 1
1083 1986 1131 2018 o.

525 2047 705 2094 Mittite
735 2063 862 2111 ergo.

527 2148 570 2179 M
607 2146 635 2178 E
671 2146 704 2178 N
742 2145 775 2177 A
812 2145 842 2177 E
881 2144 907 2176 C
945 2145 979 2177 H
1015 2144 1057 2176 M
1096 2143 1131 2175 U
1168 2142 1205 2176 S.

776 2194 913 2274 Quid
949 2221 1027 2250 me
1050 2203 1183 2250 vobis
1215 2204 1359 2250 tactio
1385 2198 1495 2249 es't?

233 2273 374 2320 Pecte
395 2272 580 2337 pugnis.

616 2350 658 2382 M
693 2349 723 2381 E
765 2348 787 2382 s
824 2347 846 2381 s
883 2348 912 2380 E
951 2349 984 2381 Ν
1022 2349 1041 2380 1
1080 2348 1128 2380 o.

301 2404 306 2408 ”
367 2397 529 2478 A‘gite,
556 2411 708 2468 abite,
742 2409 892 2474 fugite
914 2408 1024 2455 hinc
1047 2408 1100 2454 in
1122 2408 1295 2455 malam
1313 2419 1514 2453 crucem.
1577 2426 1581 2433 v
