1618 2866
67 135 206 231 §.16
344 166 770 221 ACTUS⁴'II.
822 170 927 218 SC.
982 173 1100 220 ΙΙΙ.
1264 190 1359 239 359

358 289 1034 337 2PALAESTR10.

179 353 253 399 Te
275 353 394 398 istuc
417 350 654 412 aequom;
687 351 919 411 quoniam
937 352 1158 413 occepisti
1176 354 1356 415 eloqui.

429 445 451 478 s
487 445 514 477 c
549 444 580 478 Β
617 444 648 478 L
682 445 714 478 Ε
749 445 785 478 D
821 446 854 478 R
892 444 945 477 U·
964 445 1004 479 s.

71 506 213 568 forte
254 506 447 552 fortuna
487 521 572 566 per
611 504 888 565 inpluvium
921 505 1018 552 huc
1063 505 1258 567 despexi
1303 508 1357 555 in

279 606 287 612 —
328 594 655 641 proxumum:
1166 630 1169 632 v

72 653 237 715 Atque
277 669 366 717 ego
401 653 480 698 illa
519 650 691 712 aspicio
731 650 1024 697 osculantem
1058 649 1358 699 Philocoma-

306 724 447 770 'sium
474 739 587 770 cum
613 723 761 768 altero

73 796 241 866 Nescio
269 813 370 859 quo
400 796 713 843 adulescentes

374 892 404 924 P
444 891 478 924 A
513 892 544 924 L
580 891 614 924 A
650 892 680 924 E
720 890 742 924 S
781 891 813 924 Τ
851 893 884 925 R
920 892 940 923 I
979 891 1028 924 Ο.

262 951 419 1021 Quod
446 969 561 1016 ego,
586 951 830 1008 Sceledre,
857 953 1006 998 scelus
1033 967 1093 997 ex
1110 962 1158 998 te
1174 950 1356 1004 audio?

428 1043 451 1077 S
489 1045 516 1077 C
553 1044 584 1077 E
619 1043 650 1076 L
686 1043 716 1075 E
754 1042 790 1074 D
826 1043 860 1075 R
898 1039 935 1075 U
968 1041 1006 1076 S.

73 1100 291 1153 Profecto
317 1103 434 1150 vidi.

388 1189 417 1221 P
455 1187 490 1220 A
524 1188 556 1221 L
591 1186 628 1220 A
662 1186 692 1220 E
730 1187 753 1221 S
792 1187 824 1220 Τ
859 1189 893 1222 R
927 1188 949 1221 Ῑ
984 1188 1033 1222 0·

335 1245 546 1291 Tuten’?

430 1322 1006 1357 SCELEDRUS.

488 1385 692 1448 Egomet
717 1384 908 1431 duobus
936 1385 1007 1431 his
1042 1386 1189 1432 oculis
1221 1386 1354 1437 mei-55

389 1477 420 1510 P
456 1476 491 1510 A
525 1477 557 1510 L
594 1477 629 1510 A
665 1478 695 1511 E
731 1477 755 1511 s
792 1478 823 1510 T
858 1479 892 1511 R
926 1478 948 1510 1
985 1478 1034 1512 o.

71 1536 192 1595 Abi,
220 1552 322 1583 non
346 1536 594 1583 verisimile
620 1535 763 1593 dicis,
793 1552 956 1597 neque
974 1535 1144 1583 vidisti.
1202 1565 1207 1570 -

429 1631 452 1664 s
493 1631 520 1662 c
560 1630 589 1662 E
627 1629 657 1662 L
692 1630 723 1662 E
760 1630 796 1662 D
830 1630 866 1663 R
904 1628 939 1661 U
976 1628 1014 1663 s.

1106 1680 1241 1728 Num
1268 1681 1356 1730 tibi

71 1747 254 1810 Lippus
279 1747 483 1796 videor?

385 1833 414 1866 P
451 1833 486 1865 A
522 1833 552 1867 L
588 1833 621 1866 A
658 1834 690 1866 Ε
727 1833 750 1867 s
786 1834 818 1868 Τ
853 1836 887 1868 R
922 1834 943 1868 1
981 1834 1031 1867 ο.

301 1893 548 1939 Medicum
569 1894 689 1940 istuc
713 1894 801 1941 tibi
828 1895 998 1941 melius
1025 1897 1354 1955 percontarier.

77 1963 255 2012 Verum
278 1967 407 2013 enirn
433 1978 488 2012 tu
515 1967 689 2025 istam,
705 1968 741 2012 si
767 1979 816 2013 te
841 1965 924 2014 Dii
956 1979 1144 2027 ament,
1178 1980 1356 2015 temere

327 2039 458 2085 haud
483 2040 618 2085 tollas
646 2040 871 2086 fabulam.

81 2107 198 2153 Tuis
216 2123 347 2156 nunc
367 2112 579 2158 cruribus
603 2112 843 2174 capitique
871 2111 1087 2159 fraudem
1108 2112 1359 2174 capitalem

327 2183 439 2231 hinc
463 2202 598 2232 creas.

78 2253 204 2300 Nam
235 2254 323 2301 tibi
346 2258 472 2320 jam,
510 2272 566 2307 ut
599 2277 755 2323 pereas
775 2295 790 2319 ‚
821 2271 1044 2325 paratum
1064 2262 1119 2308 ’st
1151 2261 1356 2324 duplici-

329 2338 422 2373 ter:
450 2330 539 2376 nisi
568 2334 821 2396 supprimis

79 2400 247 2450 Tuum
276 2402 639 2464 stultiloquium.
