1618 2866
70 193 199 239 145
350 169 641 221 ACTUS
690 169 790 216 IV.
849 166 946 216 SC.
996 169 1075 215 ΙΙ.
1257 179 1346 228 191

203 305 268 313 ’·
375 287 1047 331 MENAECHMUS.

70 355 482 426 Quidnegoti’st.

378 595 1053 639 MENAECHMUS.

527 658 742 705 Pallam?
775 655 935 718 quid?

508 758 553 792 M
589 755 624 789 U
663 755 695 789 L
728 755 752 788 Ι
787 755 818 788 Ε
855 755 903 788 R.
1370 764 1373 767 ·

826 813 1016 860 Pallam.
1041 812 1163 875 quid
1184 814 1358 877 paves?

369 917 413 951 M
448 917 480 950 E
515 917 550 950 N
587 917 622 949 A
657 918 688 950 E
724 917 751 950 C
788 917 824 950 Η
858 915 903 949 Μ
937 915 973 948 U
1008 915 1047 950 S.

78 979 213 1027 Nihil
238 977 468 1040 equidem
498 992 664 1037 paveo.

439 1078 467 1110 P
507 1077 536 1108 E
572 1077 604 1109 N
641 1076 662 1108 1
697 1076 723 1108 c
759 1075 795 1108 U
829 1075 860 1108 1.
898 1073 933 1106 U
970 1073 1009 1107 s.

432 1136 532 1181 Nisi
558 1152 736 1186 unum;
765 1136 888 1196 palla
909 1136 1141 1196 pallorem
1171 1136 1359 1185 incutit.

86 1210 150 1257 At
177 1222 233 1257 tu
266 1227 329 1255 ne
360 1211 481 1255 clam
513 1226 591 1255 me
626 1225 853 1255 comesses
891 1209 1170 1270 prandiam!
1214 1227 1359 1277 perge

338 1298 389 1328 m
413 1298 583 1328 vuum.

384 1385 431 1418 M
463 1384 494 1417 E
527 1385 562 1417 N
599 1382 635 1415 A
669 1381 700 1414 Ε
736 1382 763 1414 c
798 1382 834 1415 Η
869 1382 914 1415 Μ
949 1383 983 1416 U
1019 1383 1060 1417 s.

90 1444 388 1491 Nontaces?

438 1529 722 1562 PENIC
762 1527 1011 1561 ULUS.

250 1598 365 1644 Non
397 1599 551 1644 hercle
583 1614 696 1644 vero
724 1609 871 1643 tace0.
905 1608 1070 1655 nutat,
1096 1613 1159 1644 ne
1180 1601 1362 1662 loquar.

383 1695 428 1728 M
460 1695 492 1727 E
528 1695 563 1727 N
598 1694 634 1726 A
667 1694 697 1726 E
733 1695 760 1727 c
796 1694 831 1727 Η
867 1694 911 1727 M
948 1693 984 1726 U
1021 1694 1060 1728 s.
1244 1684 1249 1687 ’

91 1761 205 1808 Non
228 1761 384 1806 hercle
407 1776 495 1823 ego
523 1760 723 1821 quidem
751 1777 955 1821 usquam
982 1761 1252 1824 quidquam
1275 1778 1365 1810 nu-

258 1844 262 1846 “
349 1842 402 1877 to
437 1847 597 1892 neque
628 1833 758 1878 nicto
786 1833 891 1878 tibi.

516 1918 578 1963 'M
612 1929 649 1962 U
682 1931 714 1962 L
749 1930 770 1962 1
804 1931 835 1963 E
869 1932 918 1964 R.

99 1987 198 2036 Nae
222 2007 309 2055 ego
336 2002 564 2037 mecastor
596 1991 768 2037 mulier
798 1991 984 2037 misera!

388 2092 1057 2127 MENAECHMUS.

526 2154 632 2223 Qui
658 2165 713 2199 tu
740 2155 905 2200 misera
933 2157 1012 2202 es?
1042 2156 1162 2203 mihi
1183 2158 1368 2220 expedi.

450 2229 1024 2289 PBANICULUS.

104 2314 235 2361 Nihil
257 2316 684 2370 hocconfidentius
697 2357 713 2383 ,
731 2325 843 2387 qui,
870 2342 993 2388 quae
1016 2327 1173 2387 vides,
1197 2343 1250 2372 ea
1262 2342 1369 2388 per-

357 2403 508 2455 negat.
