1618 2866
90 199 192 249 v.3
356 180 656 233 ACTUS
707 180 814 230 IV.
867 179 1123 230 SC.111.
1294 200 1389 248 199

393 298 1068 335 MENAECHMUS.

1227 354 1389 404 Mane.

94 429 218 479 Scin’
249 427 373 492 quid
403 438 501 486 est,
533 425 671 488 quod
698 440 789 490 ego
816 423 878 471 ad
905 435 955 471 te
979 424 1157 472 venio?

498 519 531 554 Ε
562 521 599 555 R
636 519 670 552 o
707 518 739 552 Τ
774 519 797 551 1
832 518 869 551 U
904 518 962 552 M.

574 576 712 635 Scio,
740 587 798 623 ut
828 577 917 623 tibi
941 592 1002 623 ex
1026 593 1107 624 me
1135 578 1193 626 sit
1218 580 1385 644 volup.

387 672 435 707 M
468 671 499 706 Ε
533 671 571 706 Ν
606 670 642 704 A
677 671 708 704 Ε
745 671 773 703 c
811 670 847 704 Η
882 669 926 703 Μ
961 671 997 704 U
1034 669 1073 705 s.

97 736 259 783 Immo
290 733 464 795 edepol
499 733 675 794 pallam
712 731 842 777 illam
859 765 874 789 ‚
906 731 1080 780 amabo
1115 743 1192 792 te,
1237 751 1387 796 quam

352 808 443 855 tibi
477 806 668 854 dudum
702 805 817 852 dedi
835 839 851 864 ,

35 932 38 933 ⁷
97 885 219 932 Mihi
242 900 347 932 earn
375 883 536 931 redde.
566 898 690 929 uxor
722 880 910 928 rescivit
937 897 1041 927 rem
1070 896 1269 928 omnem
1284 915 1299 941 ,
1331 893 1389 929 ut

351 957 533 1003 factum
551 955 606 1002 'st
632 954 815 1000 ordine.

98 1031 202 1097 Ego
221 1031 313 1078 tibi
338 1031 571 1077 redimam
593 1028 665 1074 bis
690 1038 825 1074 tanto
851 1027 998 1090 pluris
1017 1029 1220 1090 pallam,
1239 1043 1388 1089 quam

353 1103 498 1150 voles.

503 1186 534 1220 E
568 1187 604 1220 R
639 1185 677 1219 Ο
710 1186 743 1219 Τ
776 1185 798 1218 1
834 1185 870 1218 U
905 1186 965 1219 M.

1 1285 5 1288 .
100 1249 218 1295 Tibi
255 1246 369 1296 dedi
399 1247 630 1310 equidem
670 1247 828 1304 illam,
865 1244 928 1291 ad
966 1245 1290 1310 phrygionem
1334 1255 1391 1293 ut

356 1321 495 1369 ferres
513 1355 529 1380 ,
559 1322 705 1383 paulo
731 1320 861 1382 prius
881 1338 892 1365 ε

103 1395 167 1444 Et
186 1395 309 1445 illud
337 1396 548 1459 spinther
562 1429 578 1453 ,
605 1405 662 1442 ut
684 1393 746 1441 ad
770 1394 1015 1442 aurificem
1039 1394 1206 1453 ferree,
1229 1404 1287 1441 ut
1310 1393 1391 1441 fie-

354 1478 428 1515 ret
455 1483 653 1514 novom.

393 1553 440 1587 M
471 1554 503 1586 E
537 1554 571 1587 N
607 1554 643 1587 A
682 1553 713 1587 E
751 1555 778 1588 C
817 1553 854 1587 H
887 1553 934 1586 M
968 1552 1005 1586 U
1041 1552 1079 1586 S.
1209 1589 1213 1594 ,

105 1614 229 1662 Mihi
258 1624 316 1661 ut
341 1624 399 1661 tu
432 1613 616 1660 dederis
644 1616 820 1676 pallam
835 1648 851 1672 ‚
890 1625 938 1660 et
962 1613 1210 1676 spinther?
1244 1629 1391 1662 num⁴

360 1703 511 1747 quam
534 1685 729 1732 factum.
765 1703 828 1733 ne
851 1686 1035 1732 dixeris.

105 1757 229 1805 Nam
264 1774 355 1824 ego
383 1758 585 1820 quidem
619 1770 880 1821 postquam
915 1759 1045 1805 illam
1084 1758 1277 1806 dudum
1304 1759 1393 1806 tibi

360 1831 504 1889 dedi,
532 1842 680 1892 atque
701 1831 796 1878 abii
826 1831 889 1878 ad
920 1831 1115 1890 forum,

108 1900 252 1951 Nunc
272 1903 446 1963 redeo,
477 1919 611 1951 nunc
637 1915 685 1951 te
714 1905 902 1967 postilla
926 1903 1091 1951 video.

506 1999 539 2032 Ε
577 1999 612 2034 R
647 1999 686 2033 ο·
717 1999 749 2032 '1'
783 2000 806 2032 1
842 1999 879 2032 u
914 1999 973 2033 M.

769 2057 960 2117 Video,
993 2073 1142 2121 quam
1164 2074 1268 2106 rem
1289 2059 1398 2123 agis.

116 2127 244 2198 Quia
270 2108 491 2191 conmisi,
516 2143 574 2179 ut
599 2148 682 2178 me
707 2131 946 2179 defrudes·
985 2133 1046 2180 ad
1074 2150 1181 2180 earn
1205 2150 1310 2180 rem
1329 2131 1397 2178 af-

363 2203 503 2252 sectas
533 2207 675 2254 viam.

402 2297 449 2330 M
479 2299 510 2331 E
546 2301 583 2334 Ν.
617 2300 652 2334 Α
689 2300 719 2334 Ε
758 2301 786 2334 c
823 2300 859 2334 H
893 2301 941 2335 M
974 2299 1012 2333 U
1047 2299 1086 2334 s.

109 2352 290 2418 Neque
313 2354 487 2417 edepol
514 2370 565 2407 te
593 2360 879 2409 defiudandi
904 2378 1061 2409 caussa
1081 2374 1253 2423 posco:
1278 2356 1400 2418 quin

368 2427 458 2474 tibi
607 2459 609 2461 -

1089 2500 1138 2547 N
1178 2515 1208 2560 4
