1618 2866
207 194 271 240 m
567 171 1137 229 CURCULIQ
1360 178 1489 226 w„

213 295 399 340 Verum
416 290 546 337 hunc
563 283 740 331 servavi
757 296 940 342 semper
955 292 1151 325 mecum
1167 289 1264 322 una
1279 274 1492 320 anulum-

211 370 342 416 Cum
369 367 462 412 hoc
493 362 609 407 olim
637 356 768 420 pexii.

459 443 1265 494 THERAPONTIGONUJS„

743 525 876 573 Cedo
894 559 907 582 ,
926 534 982 569 ut
1001 522 1259 585 inspiciam.

611 625 638 658 c
676 622 711 655 U
748 623 782 656 R
817 621 844 654 c
882 619 916 652 U
953 619 984 652 1.
1020 615 1042 650 1
1079 617 1130 650 o.

1244 673 1410 724 Sanan’
1430 688 1506 732 ες,

215 769 356 838 Quae
385 762 459 810 isti
486 757 772 808 conmittas?

574 855 602 889 Ρ
638 854 669 886 1.
706 853 741 885 A
776 851 810 884 N
846 849 878 882 E
920 848 941 882 s
982 845 1003 880 1
1039 844 1075 878 U
1111 843 1169 878 M.

770 917 881 964 Sine
911 914 1076 962 modo.

437 1007 1295 1056 THERAPONTIGONUS.

1115 1077 1242 1122 Proh
1261 1073 1505 1136 juppiter!

224 1165 317 1211 Hic
347 1171 415 1208 est
446 1173 593 1220 quem
623 1172 710 1220 ego
742 1153 832 1199 tibi
859 1151 965 1198 misi
993 1150 1136 1196 natali
1162 1148 1252 1194 die.

224 1240 349 1285 Tam
380 1232 513 1280 facile
540 1229 683 1285 novi,
707 1243 855 1288 quam
877 1241 969 1271 me.
1000 1224 1149 1280 salve,
1173 1237 1280 1287 mea
1304 1235 1445 1267 soror,

587 1328 615 1359 P
654 1326 685 1358 L
722 1325 756 1357 A
790 1324 823 1357 N
859 1324 888 1355 E
928 1322 950 1356 s
986 1323 1007 1354 1
1043 1321 1078 1354 U
1115 1319 1172 1353 M.

153 1427 156 1430 ’
227 1407 388 1453 Frater
419 1399 516 1456 mi,
548 1397 683 1442 salve.

534 1493 562 1526 P
600 1491 635 1524 H
669 1489 702 1522 A
742 1487 771 1521 E
807 1487 843 1519 D
881 1487 915 1520 R
950 1486 982 1518 O
1021 1485 1063 1517 M
1100 1483 1134 1516 U
1174 1483 1212 1518 S.

722 1557 851 1604 Deos
878 1556 992 1602 volo
1023 1555 1145 1600 bene
1172 1559 1357 1599 vortere

233 1629 378 1691 Isfiam
404 1655 506 1686 rem
533 1633 682 1682 vobis,

623 1727 651 1758 c
688 1723 723 1757 U
760 1725 794 1757 R
829 1723 856 1755 G
894 1721 930 1753 U
965 1715 995 1754 1‘„
1030 1720 1051 1753 1
1089 1720 1137 1753 o.

722 1795 784 1841 Et
814 1811 900 1858 ego
925 1793 1062 1838 nobis
1088 1780 1350 1840 omnibus}

236 1878 318 1924 Tu
346 1884 402 1921 ut
429 1872 575 1919 hodie
606 1868 859 1916 adveniens
893 1882 1091 1914 coenam
1123 1865 1202 1910 des
1231 1860 1483 1910 sororiam:

238 1950 331 1997 Hic
364 1946 630 2010 nuptialem
657 1958 749 1987 cras
780 1940 922 1986 dabit.
1511 1935 1520 1947 ⁸

549 2042 858 2079 PHAED
898 2035 1228 2074 ROMUS.

947 2106 1287 2152 PromittimuS.

456 2199 1322 2247 THERAPONTIGONUS.

248 2288 469 2335 Tacetu.

638 2349 1147 2398 cURcULIO.

508 2437 622 2485 Non
639 2448 772 2484 taceo
786 2469 799 2494 ‚
822 2433 1017 2495 quando
1037 2448 1107 2478 res
1125 2431 1271 2479 vortit
1291 2429 1428 2476 bene.
