1618 2866
233 190 295 249 76
600 183 1129 234 EPIDICUS.
1398 187 1512 232 v.6

628 300 1123 337 EPIDIGUS.

248 394 259 404 ·
1061 359 1217 432 Quod
1236 377 1294 409 eo
1320 362 1511 419 assolet,

237 431 399 481 Coena
420 429 510 477 tibi
545 428 747 476 dabitur.

624 512 656 544 T
693 513 727 545 H
762 513 792 545 E
830 512 852 546 S
890 511 918 544 P
955 511 989 545 R
1024 510 1046 544 Ι
1083 510 1131 544 0.

589 571 833 635 Spondeo.

625 669 1119 705 EPIDICUS.

750 730 917 801 Quid?

619 827 653 860 T
687 827 723 860 Η
757 827 788 859 Ε.
825 825 847 860 s
885 827 911 859 P
948 825 982 859 Β
1017 825 1039 858 1
1075 825 1123 858 ο.

845 887 926 933 Me
954 897 1263 948 acceptutum
1280 919 1295 947 ‚
1316 887 1354 932 si
1376 886 1519 934 dabis.

627 973 659 1006 E
696 972 723 1006 P
760 974 780 1006 1
817 974 852 1005 D
889 973 909 1005 1
949 974 975 1006 c
1015 971 1050 1005 U
1089 973 1128 1006 s.

242 1040 379 1112 Quid
407 1041 499 1087 tu?
535 1040 627 1104 agis
653 1050 710 1086 ut
742 1038 889 1085 velis?

629 1141 661 1174 Τ
697 1139 732 1173 Η
765 1140 796 1173 Ε
835 1141 857 1174 s
896 1141 925 1173 P
960 1141 994 1174 Β
1030 1141 1051 1173 1
1088 1141 1137 1176 o.

663 1210 958 1271 Exemplum
984 1210 1127 1257 adest.

637 1304 1135 1338 EPIDICUS.

1014 1364 1264 1429 Intellego.
1293 1368 1529 1430 eugepae!

253 1437 589 1499 Corpulentior
617 1437 778 1485 videre
807 1448 954 1499 atque
978 1437 1196 1483 habitior.

637 1532 668 1566 Τ
704 1531 739 1564 H
773 1532 802 1564 E
839 1531 862 1564 s
899 1531 927 1564 P
963 1531 997 1564 R
1032 1530 1053 1563 1
1089 1531 1139 1564 0.
1164 1517 1179 1531 ⁸

1220 1589 1350 1635 Huic
1372 1591 1529 1655 gratia.

645 1672 676 1704 Ε
712 1673 740 1704 P
776 1673 796 1705 1
832 1673 871 1704 D
907 1672 928 1704 1
964 1673 992 1705 c
1027 1671 1062 1704 U
1101 1672 1140 1706 s.

254 1743 417 1811 Quam
446 1739 646 1802 quidem
665 1740 854 1803 jamdiu
878 1750 926 1786 te
949 1739 1203 1802 perdidisse
1225 1742 1455 1804 oportuit.

634 1834 665 1867 T
701 1834 735 1866 Η
770 1835 799 1867 Ε
837 1834 859 1868 s
898 1835 925 1867 P
962 1836 996 1869 R
1031 1835 1053 1867 1
1093 1835 1141 1867 o.

254 1902 412 1948 Minus
433 1903 534 1968 jam
559 1901 788 1948 furtificus
814 1919 919 1948 sum
936 1938 950 1961 ‚
978 1921 1126 1964 quam
1147 1905 1359 1952 antehac.

649 1994 682 2026 E
716 1995 744 2027 P
781 1995 802 2027 1
838 1995 932 2027 D11
968 1996 996 2028 c
1031 1996 1065 2028 U
1102 1995 1139 2028 s.

631 2099 640 2109 ·
951 2047 1210 2117 Quidita?

645 2130 1147 2166 THESPRIO.
1426 2163 1431 2169 ,

1098 2202 1247 2264 Rapio
1273 2205 1532 2266 propalam.

648 2289 678 2321 E
715 2289 741 2331 P
778 2290 799 2322 1
838 2290 873 2322 D
911 2289 933 2321 1
969 2290 995 2322 c
1033 2289 1067 2322 U
1105 2289 1142 2323 s.

256 2356 338 2404 Dii
352 2357 620 2404 inmortales
637 2356 939 2403 infelicitent!
965 2367 1019 2403 ut
1033 2368 1089 2404 tu
1106 2374 1150 2404 es
1164 2358 1382 2422 gradibus
1399 2349 1534 2423 girm-

512 2430 649 2476 dibus
670 2431 680 2475 !
