1618 2866
60 177 158 221 v.5
339 158 626 207 ACTUS
679 158 887 206 V.SC.
939 160 1085 208 VII.
1240 177 1329 225 223

64 275 189 322 Cave
218 272 471 335 quisquam
488 305 502 328 ‚
527 269 664 331 quod
689 270 783 316 illic
812 269 1059 317 minitetur
1077 304 1092 329 ,
1121 283 1337 318 vostrum

314 342 627 389 floccifecerit.

65 416 202 487 Quid
231 416 388 463 statis?
415 415 536 476 quid
569 415 828 462 dubitatis?
851 416 953 479 jam
983 415 1238 465 sublimem
1262 434 1336 466 ra·-

317 500 459 551 ptum
498 490 725 551 oportuit.

67 562 167 626 Ego
200 562 283 608 ibo
317 560 378 608 ad
403 560 669 608 medicum:
708 570 891 621 praesto
923 576 1003 607 ero
1033 561 1157 619 illic,
1184 578 1340 624 quom

987 636 1198 706 venietis.

366 734 410 768 M
447 734 477 766 E
510 733 544 766 N
579 731 615 764 A
651 733 682 766 E
716 735 744 768 C
779 732 814 767 H
849 732 892 766 M
926 733 962 766 U
998 733 1034 768 S.

149 798 156 818 “
1139 793 1336 842 Occidi!

69 863 208 935 Quid
234 864 327 911 hoc
357 876 424 912 est
449 865 646 930 negoti?
673 865 793 927 quid
812 867 905 913 illic
934 868 1152 914 homines
1177 868 1238 915 ad
1259 885 1340 914 me

315 950 511 984 currunt
527 972 540 995 ‚
574 938 804 984 obsecro?

66 1009 204 1080 Quid
230 1011 368 1056 voltis
388 1010 505 1056 vos?
538 1009 658 1070 quid
678 1010 977 1070 quaeritatis?
1009 1011 1130 1071 quid
1156 1028 1234 1057 me
1257 1012 1340 1056 cir-

254 1143 256 1145 ·
316 1083 607 1130 cumsistitis?

71 1153 190 1222 Quo
210 1154 366 1216 rapitis
391 1155 506 1199 me?
534 1171 634 1215 quo
668 1154 793 1201 fertis
821 1153 937 1199 me?
964 1154 1110 1215 perii!
1146 1154 1340 1201 obsecro

316 1240 521 1274 vostram
552 1228 728 1275 fidem:

69 1299 452 1361 Epidamnienses
487 1301 737 1348 subvenite
775 1302 909 1350 cives.
954 1302 1075 1363 quin
1111 1319 1192 1349 me
1228 1303 1340 1349 mit-v

303 1374 415 1432 titis
432 1375 454 1420 Ξ)

446 1464 490 1506 Μ
523 1474 554 1507 13
591 1474 613 1508 s
652 1473 675 1508 s
711 1475 741 1508 Ε
777 1476 811 1508 N
848 1476 869 1508 1
906 1476 954 1509 o.

69 1545 158 1590 Pto
187 1543 270 1591 Dii
308 1544 575 1590 inmortales
594 1579 608 1601 ,
647 1545 839 1592 obsecro
859 1578 874 1604 ‚
914 1547 1032 1613 quid
1065 1563 1152 1611 ego
1191 1548 1340 1606 oeulis

316 1617 488 1677 aspicio
511 1617 660 1662 meis?

70 1687 254 1735 Herum
271 1706 438 1749 meum
456 1689 792 1753 indignissume
809 1691 964 1737 nescio
983 1691 1070 1752 qui
1086 1691 1339 1741 sublimem

316 1761 488 1808 ferunt.

358 1855 1032 1909 MDENAECHMUS.

73 1925 242 1988 Ecquis
258 1918 504 1988 ”suppetias
532 1927 653 1972 mihi
683 1927 828 1973 audet
854 1928 1045 1974 afferre?

452 2030 494 2062 M
531 2031 559 2062 Ε
597 2030 619 2063 s
657 2030 679 2063 s
715 2031 745 2062 Ε
782 2032 816 2063 N
854 2030 872 2062 1
910 2030 956 2062 ο.

677 2099 809 2163 Ego,
836 2099 977 2156 here,
1010 2099 1341 2147 audacissume.

0 2162 6 2240 Ι
78 2173 127 2217 Ο
162 2170 336 2217 facinus
377 2173 628 2237 indignum
664 2185 712 2220 et
743 2175 954 2231 malum,
995 2175 1248 2236 Epidamni
1278 2177 1343 2221 ci-

323 2261 426 2302 ves,
460 2248 629 2293 herum

78 2315 243 2362 Meum
269 2314 381 2359 hic
370 2332 420 2360 m
446 2330 611 2378 pacato
639 2320 822 2382 ‚oppido

81 2386 199 2433 Luci
232 2386 428 2447 desipiet
459 2389 509 2434 in
535 2390 637 2447 via,
674 2393 760 2451 qui
786 2393 903 2439 liber
930 2393 991 2438 ad
1020 2409 1105 2439 vos
1135 2389 1341 2439 venerit!
