1618 2866
238 207 295 237 ιο
581 188 1146 237 CURCULIQ
1349 190 1519 263 ,ψῃ

231 299 354 345 Alias
382 301 623 346 talentum·
640 315 886 364 magnum.
912 315 1073 360 neque
1096 298 1365 362 quidquam
1384 315 1513 362 queo

230 372 389 435 Aequi
414 374 631 435 bonique
661 373 720 418 ab
755 390 811 419 eo
839 374 1086 435 inpetrare.

582 465 1166 499 PALINURUS·

1105 535 1316 598 Injuriu’
1319 552 1338 581 s
1355 568 1373 592 ‚

229 606 363 675 Qui,
393 606 530 668 quod
555 606 720 652 lenoni
749 608 900 653 nulli'
903 618 969 665 st,
996 607 1047 653 id
1070 609 1129 654 ab
1155 625 1212 654 eo
1241 620 1390 670 petas.

545 700 573 732 P
612 700 645 732 H
682 700 715 732 A
752 700 781 732 Ε
818 701 854 732 D
891 701 924 733 R
961 701 992 733 Ο
1031 702 1073 734 Μ
1110 702 1144 734 U
1183 703 1220 736 s.

232 764 377 810 Nunc
409 765 521 810 hinc
547 766 806 817 Parasitum
829 766 881 811 in
906 767 1086 814 Cariam
1115 758 1220 814 misi
1244 786 1410 815 meum
1430 803 1447 829 ,
1481 819 1484 823 ,

233 837 445 882 Peritum
473 850 722 901 argentum
757 858 782 885 a
813 857 924 887 meo
958 840 1104 886 sodali
1131 852 1390 888 mutuum:

236 909 390 978 Quod
411 911 448 955 si
470 927 572 957 non
601 912 732 958 affert
749 948 762 971 ‚
784 931 885 975 quo
910 931 989 960 me
1017 926 1203 961 vortam
1227 914 1412 966 nescio...

589 1013 617 1045 P
654 1012 689 1045 A
723 1013 754 1045 L
790 1014 811 1046 1
848 1014 880 1046 N
920 1013 956 1045 U
991 1014 1025 1046 R
1061 1012 1097 1045 U
1134 1013 1172 1046 S.

235 1075 284 1122 Si
308 1076 438 1123 Deos
465 1080 656 1138 salutas,
686 1081 1049 1128 dextrovorsum
1069 1098 1252 1129 censeo.

547 1174 574 1206 P
612 1175 646 1207 H
682 1174 717 1207 A
751 1175 781 1206 E
819 1175 854 1206 D
891 1176 926 1208 R
962 1175 993 1207 o
1031 1174 1074 1207 M
1108 1175 1143 1208 U
1180 1175 1227 1210 s.

238 1239 383 1286 Nunc
406 1259 480 1287 ara
506 1242 701 1288 Veneris
728 1243 841 1288 haec
872 1253 939 1288 est
966 1254 1074 1288 ante
1105 1244 1291 1291 horunc
1317 1242 1454 1316 foris.

237 1311 320 1357 Me
349 1314 520 1360 inferre
550 1314 727 1360 Veneri
755 1315 867 1360 vovi
887 1317 988 1378 jam
1008 1316 1323 1378 jentaculum.

596 1411 624 1444 P
661 1410 694 1442 A
730 1411 759 1442 L
795 1411 816 1442 1
853 1411 887 1443 N
924 1410 959 1442 U
995 1411 1029 1443 R
1065 1409 1099 1441 U
1137 1410 1175 1443 S.

244 1480 416 1549 Quid?
445 1497 505 1528 an
534 1493 581 1528 te
610 1497 759 1543 pones
786 1479 962 1526 Veneri
981 1480 1226 1542 jentaculo
1244 1481 1266 1525 Ξ)

545 1574 1234 1611 ΡΗΑΕΒΒΟΜΠ8.,,

243 1646 351 1704 Me,
382 1658 459 1705 te,
489 1658 635 1708 atque
662 1648 803 1692 hosce
827 1645 994 1692 omnis.

588 1748 689 1782 P‘A
722 1748 752 1780 L
789 1748 810 1780 1
846 1749 878 1780 N
916 1747 951 1779 U
986 1748 1020 1780 R
1056 1747 1091 1779 U
1128 1746 1167 1783 s,

705 1817 835 1863 Tum
866 1827 921 1862 tu
945 1814 1183 1861 Venerem
1205 1830 1398 1862 vomere
1423 1815 1528 1864 vis?

550 1911 1228 1947 PHAEDROMUS.⁴

247 1979 379 2026 Cedo
396 2014 410 2037 ,
430 1996 604 2040 puere3
623 1980 792 2025 sinum.

597 2074 626 2107 P
663 2074 699 2107 A
732 2074 763 2107 1,
797 2073 818 2105 1
854 2074 889 2106 N
926 2072 962 2104 U
997 2073 1031 2105 R
1068 2071 1103 2104 U
1140 2071 1181 2106 s.

826 2141 963 2212 Quid
987 2141 1192 2187 facturus
1205 2141 1233 2186 Ρ·

552 2238 582 2270 P
618 2237 654 2270 H
689 2235 724 2269 A
758 2236 788 2269 E
822 2236 859 2268 D
896 2235 930 2268 R
966 2234 998 2267 o
1035 2234 1079 2266 M
1118 2233 1154 2265 U
1193 2233 1232 2266 s.

1261 2293 1370 2352 Jam
1400 2294 1523 2354 scies.

248 2375 379 2422 Anus
411 2373 487 2419 hic
517 2374 635 2418 solet
669 2371 877 2418 cubitare
904 2380 1087 2425 custos,
1113 2367 1332 2431 janitrix,

180 2453 183 2456 ”
245 2450 437 2495 Nomen
461 2447 503 2493 ei
527 2457 593 2492 est
620 2447 754 2492 lenae
770 2479 783 2502 ‚
804 2443 1059 2490 multibiba
1086 2452 1230 2503 atque
1256 2439 1514 2488 merobiba.
