1618 2866
151 157 305 229 ἀρε
468 143 1208 228 ΜἘΝΑΕΟΗΜΕῙ.
1371 187 1501 247 v.38

208 290 310 336 Nec
345 305 484 336 meus
514 304 668 334 servos
701 304 939 350 umquam
966 290 1059 336 tale
1090 290 1203 338 fecit
1219 325 1236 350 ,
1275 292 1418 354 quaIe
1443 304 1502 340 tu

466 361 600 408 mihi.
1091 364 1116 380 ·’

597 426 642 489 M
677 455 706 487 E
744 454 767 488 s
803 455 825 489 s
863 453 893 488 E
931 455 966 488 N
1001 455 1022 488 1
1059 455 1107 489 o.

203 524 280 572 Sic
310 525 409 572 sine
440 525 614 589 igitur,
659 525 696 570 si
730 535 874 571 tuum
905 540 1045 590 negas
1076 542 1158 574 me
1179 537 1325 587 esse,
1367 527 1497 576 abire

454 599 676 645 liberum.

502 699 547 732 M
582 699 612 731 E
648 699 682 731 N
717 697 752 730 A
788 699 819 731 Ε
856 699 883 732 c
921 699 956 732 Η
991 700 1034 733 Μ
1072 699 1109 732 11
1145 698 1184 733 s.

198 766 307 813 Mea
337 764 538 827 quidem
565 765 722 813 hercle
753 781 907 813 caussa
934 766 1055 813 liber
1082 777 1210 826 esto,
1237 776 1385 828 atque
1417 766 1488 815 ito

456 853 559 898 quo
586 836 729 883 voles.

502 931 1098 984 .·MESSEN140.

194 997 383 1059 Nempe
409 993 588 1060 jubes?
1173 1058 1177 1062 .

427 1084 1180 1126 'MAENAECHMUQ

305 1163 467 1224 Jubeo
495 1162 680 1219 hercle,
708 1161 746 1207 si
771 1161 893 1223 quid
919 1162 1091 1225 imperi
1119 1174 1188 1210 est
1208 1162 1261 1210 in
1281 1174 1331 1211 te
1353 1164 1486 1213 mihi.

578 1265 621 1297 M
655 1265 686 1297 E
724 1265 746 1299 s
787 1264 809 1298 s
845 1265 876 1316 Ε
911 1267 945 1300 N
979 1267 1002 1300 1
1040 1267 1088 1301 o.

190 1326 326 1375 Salve
342 1360 356 1384 ,
391 1326 460 1372 mi
484 1336 700 1387 patrone.

567 1410 1161 1458 SERvusalius..

516 1478 520 1482 ’
595 1486 769 1557 Quom
796 1498 853 1534 tu
881 1487 1003 1534 liber
1038 1506 1114 1548 es,
1150 1489 1412 1551 Messenio,

188 1554 408 1602 Gaudeo.

564 1632 608 1665 M
642 1631 672 1664 E
709 1631 733 1666 S
773 1631 795 1665 S
836 1630 866 1665 E
905 1633 939 1665 N
974 1633 996 1665 1
1030 1631 1079 1666 O.

266 1699 423 1747 Credo
451 1699 609 1745 hercle
630 1699 780 1757 vobis.
806 1698 887 1745 sed
901 1734 915 1756 ‚
936 1710 1162 1761 patrone,
1181 1709 1230 1746 te
1251 1699 1473 1760 obsecro,-

186 1773 262 1820 Ne
294 1775 452 1820 minus
470 1773 673 1833 imperes
700 1772 850 1830 mihi,
881 1788 1029 1832 quam
1057 1789 1210 1834 quom
1239 1784 1351 1820 tuus
1379 1790 1475 1820 ser-

441 1862 526 1892 vos
559 1844 643 1890 fui.

182 1918 333 1982 Apud
365 1930 413 1965 te
439 1918 695 1976 habitabo,
731 1929 779 1965 et
807 1919 1003 1980 quando
1030 1919 1146 1979 ibis,
1179 1937 1275 1968 una
1304 1934 1468 1973 tecum

435 1989 519 2035 ibo
547 1990 764 2037 domum.

472 2086 1155 2127 MENAECHMUS.

179 2141 394 2191 Minime.

553 2215 1072 2254 MESSENIO.

241 2279 385 2325 Nunc
412 2277 495 2324 ibo
519 2277 570 2322 in
596 2277 868 2324 tabernam:
899 2298 1003 2328 vasa
1026 2293 1074 2330 et
1100 2295 1348 2349 argentum
1371 2286 1463 2334 tibi

175 2351 409 2402 Referam.
448 2361 573 2397 recte
611 2362 678 2397 est
711 2350 1015 2417 obsignatum
1048 2358 1100 2405 in
1129 2359 1299 2407 vidulo
1333 2376 1457 2407 mat..

427 2439 622 2486 supmm
