1618 2866
228 207 322 256 57²
693 195 1027 249 PERSA.
1415 219 1501 252 v.1

591 358 970 410 SCENA
1059 365 1160 411 II.

649 458 1093 540 s’ATiun10.

229 547 367 663 VE
382 628 412 661 Τ
425 629 455 662 Ε
470 631 502 664 R
515 631 546 669 Ε
558 633 602 666 M
637 633 781 683 atque
805 624 1056 684 antiquom
1077 636 1325 686 quaestum
1344 640 1509 675 meum

481 691 729 739 aiimoniae

223 756 375 805 Servo
405 772 549 822 atque
573 765 772 814 obtineo
791 801 804 824 ,
836 779 883 814 et
915 784 1083 833 magna
1110 786 1221 816 cum
1249 787 1361 818 cura
1384 773 1507 818 colo.

228 830 354 878 Nam
372 851 639 897 numquam
656 840 908 900 quisquam
920 838 1138 889 meorum
1151 845 1384 908 majorum
1401 846 1514 906 fuit,

224 906 365 975 Quin
396 911 690 970 parasitando
718 914 937 974 paverint
968 925 1155 962 ventres
1183 934 1310 963 suos:

227 977 391 1037 Pater,
415 998 523 1029 avos
539 1018 554 1041 ‚
587 1001 787 1046 proavos
800 1021 814 1044 ‚
833 987 1030 1045 almvm,
1048 999 1229 1048 εἰλνος,
1261 990 1479 1050 tritav05,

224 1049 383 1119 Quasi
411 1070 570 1105 mures·
593 1075 780 1120 semper
806 1061 948 1107 edere
975 1055 1192 1108 alienum*
1212 1063 1378 1109 cibum
1395 1098 1412 1122 ,

225 1120 400 1185 Neque
432 1129 657 1177 edacitate
681 1149 760 1178 eos
787 1133 1039 1194 quisquam
1066 1145 1252 1196 poterat
1275 1135 1482 1182 vincere.⁴

223 1194 312 1241 His
344 1214 718 1263 cognomentum
747 1216 845 1251 erat
873 1206 1002 1252 duris
1031 1206 1347 1269 Capitonibus.

218 1267 371 1318 ‚Unde
400 1273 527 1320 hunc
563 1294 650 1341 ego
683 1288 933 1339 quaestum
967 1278 1163 1326 obtineo
1193 1293 1240 1327 et
1274 1283 1507 1346 majorum

483 1348 656 1394 locum.

220 1413 398 1476 Neque
431 1421 737 1483 quadxuplari
762 1438 839 1468 me
865 1424 1000 1468 volo:
1035 1440 1195 1485 neque
1222 1426 1353 1472 enim
1372 1426 1510 1473 decet

225 1486 339 1535 Sine
366 1508 475 1538 meo
503 1494 713 1554 periculo
742 1495 806 1540 ire
829 1495 976 1541 aliena
1005 1509 1223 1559 ereptum
1253 1499 1403 1544 bona:

224 1558 401 1624 Neque
429 1565 495 1611 illi
510 1599 525 1624 ,
557 1566 646 1628 qui
666 1566 844 1614 faciunt
859 1602 873 1625 ‚
896 1568 1013 1613 mihi
1031 1571 1240 1630 placent:
1274 1571 1413 1631 plane
1437 1571 1510 1615 lo«

481 1654 615 1698 quor.
802 1669 804 1671 »

226 1707 353 1755 Nam
382 1711 600 1771 publicae
628 1713 700 1759 rei
730 1729 883 1760 caussa
914 1713 1206 1774 quicumque
1238 1712 1290 1759 id
1317 1712 1427 1759 facit

224 1781 372 1845 Magis
389 1817 403 1839 ‚
435 1800 580 1844 quam
596 1785 667 1830 sui·
699 1786 905 1846 quaesti,
941 1786 1119 1831 animus
1137 1785 1301 1831 induci
1321 1797 1476 1848 potest
1491 1820 1508 1846 ‚

225 1857 356 1904 Eum
387 1874 478 1903 esse
505 1859 657 1904 civem
685 1871 731 1904 et
762 1860 954 1905 fidelem
993 1870 1041 1904 et
1073 1859 1267 1904 bonum.

221 1929 323 1977 Sed
345 1930 607 1994 legirupam
633 1933 717 1992 qui
750 1932 967 1988 damnet,
998 1931 1080 1976 det
1111 1931 1160 1976 in
1188 1931 1439 1992 publicum

226 2001 522 2050 Dimidium:
556 2016 698 2066 atque
727 2004 868 2050 etiam
900 2020 1006 2050 mea
1036 2005 1137 2067 lege
1174 2003 1472 2055 adscribit013

222 2077 324 2124 Ubi
358 2080 696 2141 quadruplator
731 2080 1004 2142 quempiam
1036 2078 1202 2142 injexit
1236 2094 1489 2136 manum„

223 2151 482 2198 Tantidem
511 2153 591 2198 ille
621 2152 688 2198 illi
725 2169 877 2199 rursus
910 2153 1083 2216 injiciat
1116 2167 1313 2197 manum
1332 2187 1348 2210 ‚

221 2221 288 2268 Ut
319 2239 470 2283 aequa
498 2225 619 2285 parti
649 2225 882 2286 prodeant
914 2225 974 2270 ad
1009 2225 1269 2271 Tresviros:

222 2292 275 2341 Si
304 2294 357 2339 id
385 2294 493 2351 fiat,
527 2312 588 2342 ne
611 2296 682 2342 isti
717 2294 863 2343 faxim
895 2313 1094 2357 usquam
1127 2309 1411 2359 appareant5

225 2366 327 2437 Qui
353 2366 427 2412 hic
456 2368 567 2413 albo
594 2380 690 2415 rete
719 2369 869 2416 aliena
902 2381 1180 2433 oppugnant
1207 2370 1345 2416 bona.

225 2440 330 2497 Sed*
347 2457 516 2489 sumne
543 2459 631 2507 ego
654 2444 851 2501 stultus,
871 2444 955 2504 qui
982 2460 1084 2491 tem
1105 2460 1217 2493 curo
1239 2444 1501 2506 publicam,
1562 2469 1575 2480 ·
