1618 2866
230 186 331 249 578.
690 183 1024 233 PERSA.
1393 202 1519 253 v÷73

655 306 678 341 s
713 307 748 340 A
787 307 817 340 Τ
854 307 889 340 U
924 308 958 342 R
994 307 1017 345 1
1055 307 1104 342 ο.
1160 306 1162 309 ’

1074 368 1231 416 Etiam
1255 379 1311 418 tu
1336 373 1494 425 taces?

237 441 284 496 ζΤ
287 459 333 488 er
359 451 493 488 tanto
525 440 659 506 pejor
687 442 783 503 ipsa
805 442 885 499 ἐι,
914 458 1060 504 quam
1088 444 1218 498 issam
1239 455 1295 490 tu
1323 461 1415 492 esse
1437 447 1518 494 vis.

659 536 690 570 T
726 537 758 570 ο
794 535 830 569 x
866 536 887 569 1
924 536 954 569 L
992 536 1028 569 U
1066 536 1101 571 s:

233 597 420 658 Lepide
448 597 601 644 hercle
632 597 758 642 dicis.
783 597 866 643 sed
893 597 1021 654 scin’,
1042 598 1163 659 quid
1179 597 1346 658 facias?
1373 615 1490 663 cape

226 669 465 722 Tunicam
491 682 635 730 atque
663 686 829 719 zonam
845 705 859 727 ,
889 681 936 716 et
961 671 1267 735 chlamydem
1292 672 1452 719 afferto
1471 683 1519 720 et

489 758 688 787 caufflam
707 776 721 799 ,

232 816 396 884 Quam
410 816 489 866 ille
512 815 681 863 habeat
693 851 707 874 ‚
729 816 813 877 qui
829 816 948 863 hanc
965 818 1130 871 lenoni
1145 819 1256 873 huic
1273 821 1467 874 vendat,

653 911 1103 947 SATURIO.

1181 966 1321 1026 Heu,
1351 967 1519 1030 probe.

653 1041 685 1074 Τ
722 1046 754 1079 0
792 1041 827 1074 X
863 1042 885 1074 1
920 1043 951 1076 L
987 1043 1022 1077 U
1060 1042 1096 1078 S.

234 1103 382 1171 Quasi
412 1103 470 1150 sit
495 1102 781 1167 peregrinuS.

652 1187 674 1220 s
714 1188 748 1220 A
786 1188 817 1222 Τ
853 1187 888 1220 U
923 1189 959 1222 R
993 1188 1015 1220 1
1052 1188 1100 1222 o.

677 1247 860 1293 Laudo.

651 1334 1098 1369 TOXILUS.

804 1395 865 1441 Et
896 1406 950 1440 tu
980 1406 1111 1448 tuam
1140 1384 1327 1459 gnatam
1356 1406 1543 1442 tamen-
1606 1375 1618 1421 ſs

230 1465 464 1523 Ornatam
490 1463 676 1510 adduce
703 1465 864 1526 lepide
888 1466 937 1511 in
965 1466 1269 1529 peregflnum
1293 1467 1514 1523 modurn.

654 1557 676 1590 S
713 1557 748 1589 A
785 1557 816 1590 T
855 1557 887 1590 U
924 1559 958 1592 R
993 1559 1014 1590 1
1053 1559 1100 1592 Ο.

227 1610 365 1667 Πόθεν
403 1620 711 1666 ornamenta?

650 1706 682 1738 T
719 1706 751 1738 Ο
788 1706 821 1738 X
859 1708 880 1740 1
917 1707 947 1740 L
986 1707 1021 1740 U
1057 1706 1096 1742 S.

719 1764 817 1811 Abs
848 1766 1047 1830 chorago
1076 1767 1263 1813 sumito.

221 1839 346 1887 Dare
375 1839 544 1885 debet:
579 1839 849 1899 praebenda
879 1839 1068 1886 Aediles
1099 1842 1382 1887 locaverunt.

649 1932 671 1964 s
711 1932 746 1964 A
783 1932 814 1964 T
853 1932 888 1964 U
925 1935 958 1966 R
995 1934 1015 1965 1
1053 1934 1100 1966 o.

219 1992 326 2052 Jam
349 1992 458 2041 faxo
479 1990 555 2036 hic
582 1991 802 2042 aderunt.
826 1991 930 2036 sed
937 2008 1025 2054 ego.
1052 1993 1223 2038 horum
1252 1992 1370 2038 nihil
1397 1994 1509 2040 scio.=

645 2075 676 2108 T
713 2075 745 2108 o
782 2075 819 2111 x
855 2077 876 2109 1
912 2075 941 2113 L
978 2075 1013 2107 U
1051 2075 1086 2108 s.
1182 2114 1183 2117 Ἴ

221 2135 353 2183 Nihil
380 2136 536 2182 hercle
567 2151 692 2182 vem.
721 2150 833 2185 nam
859 2134 943 2181 ubi
975 2150 1063 2199 ego
1091 2147 1343 2200 argentum
1375 2153 1507 2186 acce·

424 2222 619 2270 ‘pero,

221 2281 463 2328 Continuo
499 2294 554 2329 tu
584 2283 712 2328 illam
737 2299 763 2327 a
792 2283 965 2331 lenone
1000 2281 1182 2327 asserito
1212 2298 1374 2329 manu.

645 2369 667 2402 S
705 2369 740 2402 A
779 2370 808 2401 T
848 2369 882 2401 U
918 2370 951 2403 R
988 2368 1009 2401 1
1045 2368 1094 2401 Ο.

224 2429 322 2478 Sibi
350 2429 545 2487 habeat,
577 2430 613 2476 si
642 2445 742 2476 non
767 2429 1010 2490 extemplo
1043 2428 1103 2476 ab
1127 2445 1183 2475 eo
1209 2429 1464 2476 abduxere.

1422 1880 1618 2502 ξ
