1618 2866
1049 56 1061 77 l

70 218 278 273 svm·
388 179 1089 252 ,sAcTus‘Lsel
1311 214 1403 263 4⁷¹

584 322 616 354 G
652 323 686 356 R
722 321 756 354 u
793 322 836 356 M
869 319 889 354 1
915 294 976 355 ὀ.

132 391 295 462 Quam
323 388 617 436 confidenter
646 391 889 451 loquitur!
921 390 1027 436 fue:

587 501 617 532 Τ
653 501 685 534 R
722 499 757 532 A
793 499 825 532 N
861 501 879 534 1
916 500 963 532 o.

230 618 237 624 .
1025 558 1089 605 At
1122 571 1169 607 te
1188 560 1410 623 Juppitet

83 685 89 700 Ι
137 630 316 690 Diique
346 647 510 677 omnes
537 629 765 692 perdant,
795 629 1023 676 oboluisti
1050 632 1249 691 allium,

141 703 372 749 Germana
399 704 595 750 inluvies
614 738 628 760 ,
655 704 850 751 rusticus
870 739 883 762 ,
910 704 1066 751 hircus
1083 740 1096 762 ‚
1122 706 1232 753 hara
1258 707 1375 766 suis,

139 775 285 822 Canes
321 793 459 839 capre
490 777 731 823 conmista.

584 880 616 913 G
652 882 686 916 R
722 881 754 913 U
792 882 834 914 M
869 882 890 915 1
929 882 978 914 Ο.

764 949 899 1017 Quid
931 960 984 994 tu
1015 949 1084 994 vis
1116 950 1250 995 flexi?

138 1019 251 1067 Non
279 1039 443 1068 omnes
471 1032 669 1083 possunt
702 1023 827 1067 olere
854 1032 1100 1084 unguenta
1132 1023 1345 1079 exotica,

139 1091 187 1138 Si
219 1105 275 1139 tu
302 1096 422 1143 oles:
465 1112 624 1155 neque
650 1094 860 1155 superior
888 1094 1168 1139 accumbere
1187 1129 1202 1152 ,

139 1165 312 1228 Neque
338 1179 435 1213 tam
460 1167 640 1223 facetis,
672 1183 818 1228 quam
848 1178 904 1212 tu
932 1166 1078 1221 vivis,
1113 1165 1344 1212 victibus:

142 1236 222 1282 Tu
247 1237 334 1283 tibi
363 1239 471 1285 istos
501 1240 669 1285 habeas
702 1250 935 1295 turtures,
968 1239 1128 1300 piscis,
1164 1240 1272 1285 avis.

142 1308 252 1356 Sine
279 1313 434 1358 alliato
471 1313 604 1377 fungi
634 1313 844 1358 fortunas
875 1329 1016 1358 meas.

143 1380 222 1428 Tu
261 1381 554 1440 foxtunatus‚
587 1399 675 1446 ego
702 1383 863 1427 miser:
898 1381 1128 1443 patiunda
1157 1393 1283 1427 sunt¹

142 1450 310 1498 Meum
339 1453 524 1498 bonum
550 1470 656 1514 me,
683 1464 730 1498 te
764 1456 906 1498 nium
931 1464 1120 1498 maneat
1150 1453 1347 1507 malum.

590 1560 967 1594 TRANIO.

144 1635 290 1704 Quasi
320 1635 531 1681 invidere
564 1635 680 1680 mihi
710 1636 802 1680 hoc
836 1635 1027 1692 videre,
1061 1635 1263 1681 Grumio
1283 1669 1297 1692 ,

95 1738 101 1743 -
146 1709 273 1779 Quia
309 1710 427 1754 mihi
457 1709 582 1754 bene
619 1720 686 1755 est
706 1744 720 1766 ‚
761 1720 809 1755 et
838 1709 928 1755 tibi
958 1711 1082 1756 male
1113 1722 1206 1762 θεῖς
1243 1710 1420 1774 dignis-

402 1799 595 1827 sumum
611 1783 678 1827 ’st.
794 1828 797 1829 γ

146 1853 295 1900 Decet
319 1871 398 1900 me
428 1871 609 1911 amaxe,
645 1866 693 1900 et
724 1866 772 1900 te
798 1855 1161 1900 bubulcitarier:

150 1924 229 1971 Me
254 1927 462 1974 victitare
486 1928 684 1989 pulchxe
699 1963 713 1986 ,
737 1940 786 1974 te
807 1930 982 1975 miseris
1010 1929 1179 1975 modis.

596 2033 629 2065 G
663 2023 698 2067 'R
735 2034 769 2066 U
805 2035 846 2067 M
883 2035 906 2067 1
940 2035 988 2067 o.
1192 2054 1198 2075 ,

157 2097 204 2143 Ο
229 2100 495 2146 carnificum
530 2101 764 2158 cribrum,
793 2101 931 2161 quod
963 2099 1104 2146 credo
1131 2099 1256 2146 fore:

155 2169 228 2214 Ita
259 2180 306 2213 te
330 2169 551 2219 forabunt
580 2174 899 2235 patibulatum
924 2189 1010 2234 per
1030 2173 1127 2218 vias

159 2241 395 2300 Stimulis,
421 2246 456 2290 si
485 2248 579 2294 huc
610 2248 817 2294 reveniat
849 2262 1004 2291 senex.

1283 2294 1334 2309 ''-

600 2352 632 2385 Τ
667 2354 700 2386 R
734 2353 769 2385 A
804 2353 838 2386 N
872 2354 893 2386 Ῑ
930 2353 980 2386 Ο.
1451 2405 1455 2413 .

159 2427 256 2496 Qui
278 2426 384 2484 scis,
399 2441 458 2471 an
475 2425 562 2472 tibi
588 2427 704 2474 istuc
729 2430 856 2489 prius
877 2429 1086 2484 eveniat,
1104 2440 1251 2487 quam
1272 2421 1423 2474 mihi?

1084 2499 1127 2543 G
1145 2514 1173 2561 g
1206 2514 1235 2558 4
