1618 2866
95 195 143 228 v.
168 177 229 224 18
415 171 717 222 ACTUS
767 175 805 220 1.
855 172 967 222 SC.
1014 173 1116 222 1V.
1281 187 1379 236 49²

97 285 260 333 Madet
292 284 457 330 homo.

355 370 1146 409 CALLIDAMATES.

465 435 592 481 Tun‘
619 450 699 479 me
725 434 787 479 ais
801 467 816 491 ,
849 449 1058 479 mamma
1072 466 1087 489 ‚
1120 429 1345 478 madere?

486 531 522 563 D
558 531 588 564 Ε
623 530 655 563 1.
690 531 718 564 P
755 529 789 563 Η
825 530 847 563 1
884 529 919 561 U
956 530 1014 562 M.

98 590 235 636 Cedo
266 605 464 636 manum
478 623 493 646 ,
518 590 636 635 nolo
669 588 897 650 equidem
931 601 986 634 te
1008 588 1160 652 affligi.

354 680 1144 715 GALLIDAMATES.

99 741 229 788 Hem
255 752 395 798 tene,
428 757 511 805 age
530 775 544 799 ,
581 741 600 788 i
632 741 785 788 simul.
830 742 943 803 quo’
961 741 995 787 d
1022 758 1114 806 ego
1147 757 1279 800 eam,
1315 755 1378 788 an

348 815 462 861 scis?

484 900 521 932 D
556 899 587 930 E
624 898 656 930 L
690 897 719 931 P
755 898 790 931 Η
823 898 845 930 1
880 898 917 931 U
953 897 1011 931 M.

100 949 221 998 Scio.

357 1024 1152 1060 CALLIDAMATES.

228 1089 287 1133 In
304 1097 518 1132 mentem
540 1084 673 1131 venit
690 1084 867 1136 mod03
895 1100 1071 1147 nempe
1094 1083 1299 1131 domum
1317 1100 1377 1130 eo

103 1158 429 1205 Comissatum.

488 1241 525 1273 D
562 1240 594 1272 E
629 1239 660 1272 L
695 1239 724 1273 P
763 1237 798 1271 H
831 1237 855 1270 Ι
890 1236 926 1270 U
962 1236 1020 1270 M.

452 1301 624 1346 Immo.

360 1389 1145 1426 CALLIDAMATES.

619 1452 745 1498 Istuc
778 1451 979 1513 quidem
1000 1452 1103 1515 jam
1133 1451 1347 1497 memini.

389 1545 1173 1585 PHILOLACHES.,

101 1608 233 1655 Num
257 1624 360 1655 non
389 1609 458 1655 vis
486 1609 679 1654 obviam
708 1623 788 1653 me
814 1608 940 1652 hisce
961 1607 1054 1664 ire,
1080 1608 1238 1654 anime
1268 1606 1378 1653 mi?

101 1680 177 1725 Illi
208 1697 295 1746 ego
320 1697 380 1726 ex
415 1681 639 1727 omnibus
664 1691 867 1742 optume
896 1682 1036 1727 volo:
1059 1682 1163 1745 jam

100 1751 339 1800 Revortat.

394 1838 1113 1874 PHILEMATIUM.

354 1900 455 1946 Diu
481 1911 547 1946 est
565 1901 667 1965 jam
700 1900 753 1946 id
782 1900 915 1946 mihi.

362 1992 1145 2030 CALLIDAMATES.

934 2057 1109 2116 Ecquis
1133 2056 1210 2102 hic
1246 2053 1348 2102 est?

108 2191 186 2238 Ad
394 2144 1099 2181 PHILOLACHES.

188 2204 265 2238 est.

367 2272 1153 2313 CALLIDAMATES.

281 2329 356 2375 Eu
371 2364 385 2386 ‚
415 2331 702 2382 Philolaches
721 2371 735 2394 ‚
769 2339 892 2384 salve
910 2372 926 2397 ,
959 2340 1251 2386 amicissume

112 2401 233 2447 Mihi
266 2402 523 2450 hominum
551 2409 782 2456 omnium.
