<?xml version="1.0" encoding="UTF-8"?>
<!DOCTYPE html PUBLIC "-//W3C//DTD XHTML 1.0 Transitional//EN"
    "http://www.w3.org/TR/xhtml1/DTD/xhtml1-transitional.dtd">
<html xmlns="http://www.w3.org/1999/xhtml" xml:lang="en" lang="en">
 <head>
  <title>
</title>
<meta http-equiv="Content-Type" content="text/html;charset=utf-8" />
  <meta name='ocr-system' content='tesseract 3.04.00' />
  <meta name='ocr-capabilities' content='ocr_page ocr_carea ocr_par ocr_line ocrx_word'/>
</head>
<body>
  <div class='ocr_page' id='page_1' title='image "./comoediaesuperst02plauuoft_0151.png"; bbox 0 0 1618 2866; ppageno 0'>
   <div class='ocr_carea' id='block_1_1' title="bbox 31 160 1304 226">
    <p class='ocr_par' dir='ltr' id='par_1_1' title="bbox 31 160 1304 226">
     <span class='ocr_line' id='line_1_1' title="bbox 31 160 1304 226; baseline -0.008 -11"><span class='ocrx_word' id='word_1_1' title='bbox 31 181 157 226; x_wconf 73' lang='lat' dir='ltr'><strong>v.5o</strong></span> <span class='ocrx_word' id='word_1_2' title='bbox 322 160 612 211; x_wconf 90' lang='lat' dir='ltr'>ACTUS</span> <span class='ocrx_word' id='word_1_3' title='bbox 662 161 722 208; x_wconf 84' lang='lat' dir='ltr'><strong>V.</strong></span> <span class='ocrx_word' id='word_1_4' title='bbox 772 160 879 208; x_wconf 87' lang='lat' dir='ltr'><strong>SC.</strong></span> <span class='ocrx_word' id='word_1_5' title='bbox 922 161 1000 207; x_wconf 89' lang='lat' dir='ltr'><strong>II.</strong></span> <span class='ocrx_word' id='word_1_6' title='bbox 1218 176 1304 223; x_wconf 86' lang='lat'><strong>¹43</strong></span> 
     </span>
    </p>
   </div>
   <div class='ocr_carea' id='block_1_2' title="bbox 34 273 1324 1612">
    <p class='ocr_par' dir='ltr' id='par_1_2' title="bbox 34 273 1324 1612">
     <span class='ocr_line' id='line_1_2' title="bbox 34 273 1310 338; baseline -0.002 -14"><span class='ocrx_word' id='word_1_7' title='bbox 34 277 234 325; x_wconf 73' lang='lat' dir='ltr'><strong>Vinctus</strong></span> <span class='ocrx_word' id='word_1_8' title='bbox 269 288 398 334; x_wconf 81' lang='lat' dir='ltr'><strong>asto,</strong></span> <span class='ocrx_word' id='word_1_9' title='bbox 444 276 618 338; x_wconf 89' lang='lat' dir='ltr'><strong>quojus</strong></span> <span class='ocrx_word' id='word_1_10' title='bbox 647 274 762 319; x_wconf 87' lang='lat' dir='ltr'><strong>haec</strong></span> <span class='ocrx_word' id='word_1_11' title='bbox 796 273 941 320; x_wconf 88' lang='lat' dir='ltr'><strong>hodie</strong></span> <span class='ocrx_word' id='word_1_12' title='bbox 970 290 1113 336; x_wconf 83' lang='lat' dir='ltr'><strong>opera</strong></span> <span class='ocrx_word' id='word_1_13' title='bbox 1143 275 1310 322; x_wconf 81' lang='lat' dir='ltr'><strong>inven-</strong></span> 
     </span>
     <span class='ocr_line' id='line_1_3' title="bbox 285 349 545 396; baseline -0.012 0"><span class='ocrx_word' id='word_1_14' title='bbox 285 362 333 396; x_wconf 87' lang='lat' dir='ltr'><strong>ta</strong></span> <span class='ocrx_word' id='word_1_15' title='bbox 352 352 406 395; x_wconf 88' lang='lat' dir='ltr'><strong>’st</strong></span> <span class='ocrx_word' id='word_1_16' title='bbox 438 349 545 394; x_wconf 82' lang='lat' dir='ltr'>filia.</span> 
     </span>
     <span class='ocr_line' id='line_1_4' title="bbox 386 441 956 476; baseline -0.004 0"><span class='ocrx_word' id='word_1_17' title='bbox 386 444 422 476; x_wconf 86' lang='lat' dir='ltr'>A</span> <span class='ocrx_word' id='word_1_18' title='bbox 455 443 483 476; x_wconf 91' lang='lat' dir='ltr'>P</span> <span class='ocrx_word' id='word_1_19' title='bbox 522 443 554 475; x_wconf 90' lang='grc' dir='ltr'>ο</span> <span class='ocrx_word' id='word_1_20' title='bbox 590 442 620 474; x_wconf 83' lang='grc' dir='ltr'><strong>Ε</strong></span> <span class='ocrx_word' id='word_1_21' title='bbox 658 442 686 474; x_wconf 91' lang='lat' dir='ltr'>c</span> <span class='ocrx_word' id='word_1_22' title='bbox 721 443 742 474; x_wconf 94' lang='lat'>1</span> <span class='ocrx_word' id='word_1_23' title='bbox 778 442 814 475; x_wconf 96' lang='lat' dir='ltr'>D</span> <span class='ocrx_word' id='word_1_24' title='bbox 849 443 879 474; x_wconf 82' lang='grc' dir='ltr'><strong>Ε</strong></span> <span class='ocrx_word' id='word_1_25' title='bbox 918 441 956 475; x_wconf 88' lang='lat' dir='ltr'><strong>s.</strong></span> 
     </span>
     <span class='ocr_line' id='line_1_5' title="bbox 38 501 893 550; baseline -0.006 1"><span class='ocrx_word' id='word_1_26' title='bbox 38 503 142 550; x_wconf 80' lang='lat' dir='ltr'><strong>Ain‘</strong></span> <span class='ocrx_word' id='word_1_27' title='bbox 163 515 218 550; x_wconf 90' lang='lat' dir='ltr'><strong>tu</strong></span> <span class='ocrx_word' id='word_1_28' title='bbox 236 515 283 550; x_wconf 90' lang='lat' dir='ltr'><strong>te</strong></span> <span class='ocrx_word' id='word_1_29' title='bbox 313 503 435 548; x_wconf 85' lang='lat' dir='ltr'><strong>illius</strong></span> <span class='ocrx_word' id='word_1_30' title='bbox 466 501 693 548; x_wconf 88' lang='lat' dir='ltr'><strong>invenisse</strong></span> <span class='ocrx_word' id='word_1_31' title='bbox 714 501 857 547; x_wconf 85' lang='lat' dir='ltr'>filiam</span> <span class='ocrx_word' id='word_1_32' title='bbox 871 501 893 546; x_wconf 71' lang='grc' dir='ltr'>Ρ</span> 
     </span>
     <span class='ocr_line' id='line_1_6' title="bbox 425 599 922 633; baseline 0 0"><span class='ocrx_word' id='word_1_33' title='bbox 425 600 456 633; x_wconf 85' lang='grc' dir='ltr'><strong>Ε</strong></span> <span class='ocrx_word' id='word_1_34' title='bbox 494 601 523 632; x_wconf 89' lang='lat' dir='ltr'>P</span> <span class='ocrx_word' id='word_1_35' title='bbox 559 600 580 632; x_wconf 94' lang='lat'>1</span> <span class='ocrx_word' id='word_1_36' title='bbox 616 599 652 631; x_wconf 90' lang='lat' dir='ltr'><strong>D</strong></span> <span class='ocrx_word' id='word_1_37' title='bbox 687 600 710 632; x_wconf 92' lang='lat'>1</span> <span class='ocrx_word' id='word_1_38' title='bbox 746 600 773 632; x_wconf 94' lang='lat' dir='ltr'>C</span> <span class='ocrx_word' id='word_1_39' title='bbox 811 599 846 631; x_wconf 89' lang='lat' dir='ltr'><strong>U</strong></span> <span class='ocrx_word' id='word_1_40' title='bbox 883 599 922 633; x_wconf 88' lang='lat' dir='ltr'><strong>S.</strong></span> 
     </span>
     <span class='ocr_line' id='line_1_7' title="bbox 787 657 1317 716; baseline 0.017 -14"><span class='ocrx_word' id='word_1_41' title='bbox 787 657 985 716; x_wconf 80' lang='lat' dir='ltr'><strong>Inveni,</strong></span> <span class='ocrx_word' id='word_1_42' title='bbox 1008 670 1055 706; x_wconf 91' lang='lat' dir='ltr'><strong>et</strong></span> <span class='ocrx_word' id='word_1_43' title='bbox 1075 659 1206 708; x_wconf 88' lang='lat' dir='ltr'><strong>domi</strong></span> <span class='ocrx_word' id='word_1_44' title='bbox 1234 676 1317 711; x_wconf 88' lang='lat' dir='ltr'><strong>est.</strong></span> 
     </span>
     <span class='ocr_line' id='line_1_8' title="bbox 41 729 1316 792; baseline 0.002 -13"><span class='ocrx_word' id='word_1_45' title='bbox 41 731 135 779; x_wconf 91' lang='lat' dir='ltr'><strong>Sed</strong></span> <span class='ocrx_word' id='word_1_46' title='bbox 163 744 218 779; x_wconf 89' lang='lat' dir='ltr'><strong>ut</strong></span> <span class='ocrx_word' id='word_1_47' title='bbox 246 731 468 779; x_wconf 85' lang='lat' dir='ltr'><strong>acerbum</strong></span> <span class='ocrx_word' id='word_1_48' title='bbox 486 730 568 786; x_wconf 86' lang='lat' dir='ltr'><strong>’st,</strong></span> <span class='ocrx_word' id='word_1_49' title='bbox 603 745 691 790; x_wconf 88' lang='lat' dir='ltr'><strong>pro</strong></span> <span class='ocrx_word' id='word_1_50' title='bbox 722 729 978 776; x_wconf 83' lang='lat' dir='ltr'><strong>benefactis</strong></span> <span class='ocrx_word' id='word_1_51' title='bbox 1017 748 1172 792; x_wconf 89' lang='lat' dir='ltr'>quom</span> <span class='ocrx_word' id='word_1_52' title='bbox 1204 737 1316 781; x_wconf 87' lang='lat' dir='ltr'><strong>mali</strong></span> 
     </span>
     <span class='ocr_line' id='line_1_9' title="bbox 289 802 681 851; baseline -0.013 0"><span class='ocrx_word' id='word_1_53' title='bbox 289 820 487 851; x_wconf 86' lang='lat' dir='ltr'><strong>messem</strong></span> <span class='ocrx_word' id='word_1_54' title='bbox 508 802 681 847; x_wconf 82' lang='lat' dir='ltr'><strong>metas!</strong></span> 
     </span>
     <span class='ocr_line' id='line_1_10' title="bbox 383 895 963 931; baseline 0.004 -2"><span class='ocrx_word' id='word_1_55' title='bbox 383 897 419 929; x_wconf 81' lang='lat' dir='ltr'>A</span> <span class='ocrx_word' id='word_1_56' title='bbox 454 896 482 928; x_wconf 91' lang='lat' dir='ltr'>P</span> <span class='ocrx_word' id='word_1_57' title='bbox 519 895 551 928; x_wconf 87' lang='grc' dir='ltr'>ο</span> <span class='ocrx_word' id='word_1_58' title='bbox 587 896 618 927; x_wconf 86' lang='grc' dir='ltr'>Ε</span> <span class='ocrx_word' id='word_1_59' title='bbox 660 896 686 927; x_wconf 91' lang='lat' dir='ltr'>c</span> <span class='ocrx_word' id='word_1_60' title='bbox 724 896 744 928; x_wconf 93' lang='lat'>1</span> <span class='ocrx_word' id='word_1_61' title='bbox 780 898 815 929; x_wconf 88' lang='lat' dir='ltr'>D</span> <span class='ocrx_word' id='word_1_62' title='bbox 854 898 884 929; x_wconf 80' lang='grc' dir='ltr'><strong>Ε</strong></span> <span class='ocrx_word' id='word_1_63' title='bbox 925 898 963 931; x_wconf 92' lang='lat' dir='ltr'><strong>s.</strong></span> 
     </span>
     <span class='ocr_line' id='line_1_11' title="bbox 37 955 1319 1028; baseline 0.003 -24.006"><span class='ocrx_word' id='word_1_64' title='bbox 37 957 265 1028; x_wconf 70' lang='lat' dir='ltr'><strong>Quemne</strong></span> <span class='ocrx_word' id='word_1_65' title='bbox 302 957 447 1003; x_wconf 87' lang='lat' dir='ltr'><strong>hodie</strong></span> <span class='ocrx_word' id='word_1_66' title='bbox 478 971 562 1016; x_wconf 88' lang='lat' dir='ltr'><strong>per</strong></span> <span class='ocrx_word' id='word_1_67' title='bbox 599 955 769 1001; x_wconf 85' lang='lat' dir='ltr'><strong>urbem</strong></span> <span class='ocrx_word' id='word_1_68' title='bbox 803 967 1007 1017; x_wconf 86' lang='lat' dir='ltr'><strong>uterque</strong></span> <span class='ocrx_word' id='word_1_69' title='bbox 1038 975 1200 1006; x_wconf 89' lang='lat' dir='ltr'><strong>sumus</strong></span> <span class='ocrx_word' id='word_1_70' title='bbox 1235 961 1319 1008; x_wconf 87' lang='lat' dir='ltr'><strong>de-</strong></span> 
     </span>
     <span class='ocr_line' id='line_1_12' title="bbox 292 1028 682 1088; baseline -0.01 -13"><span class='ocrx_word' id='word_1_71' title='bbox 292 1029 394 1075; x_wconf 85' lang='lat' dir='ltr'><strong>fessi</strong></span> <span class='ocrx_word' id='word_1_72' title='bbox 427 1028 682 1088; x_wconf 84' lang='lat' dir='ltr'><strong>quaerere?</strong></span> 
     </span>
     <span class='ocr_line' id='line_1_13' title="bbox 441 1122 940 1157; baseline -0.002 -1"><span class='ocrx_word' id='word_1_73' title='bbox 441 1124 471 1156; x_wconf 83' lang='lat' dir='ltr'><strong>E</strong></span> <span class='ocrx_word' id='word_1_74' title='bbox 508 1123 534 1155; x_wconf 98' lang='lat' dir='ltr'>P</span> <span class='ocrx_word' id='word_1_75' title='bbox 572 1123 591 1154; x_wconf 94' lang='lat'>1</span> <span class='ocrx_word' id='word_1_76' title='bbox 628 1124 663 1157; x_wconf 89' lang='lat' dir='ltr'>D</span> <span class='ocrx_word' id='word_1_77' title='bbox 700 1124 721 1155; x_wconf 93' lang='lat'>1</span> <span class='ocrx_word' id='word_1_78' title='bbox 757 1124 783 1156; x_wconf 89' lang='lat' dir='ltr'>c</span> <span class='ocrx_word' id='word_1_79' title='bbox 821 1123 855 1155; x_wconf 84' lang='lat' dir='ltr'>U</span> <span class='ocrx_word' id='word_1_80' title='bbox 892 1122 940 1156; x_wconf 75' lang='lat' dir='ltr'><strong>s:</strong></span> 
     </span>
     <span class='ocr_line' id='line_1_14' title="bbox 44 1182 1317 1248; baseline 0.002 -17"><span class='ocrx_word' id='word_1_81' title='bbox 44 1184 144 1248; x_wconf 87' lang='lat' dir='ltr'><strong>Ego</strong></span> <span class='ocrx_word' id='word_1_82' title='bbox 172 1200 278 1229; x_wconf 90' lang='lat' dir='ltr'><strong>sum</strong></span> <span class='ocrx_word' id='word_1_83' title='bbox 306 1182 506 1228; x_wconf 85' lang='lat' dir='ltr'><strong>defessus</strong></span> <span class='ocrx_word' id='word_1_84' title='bbox 528 1183 755 1243; x_wconf 83' lang='lat' dir='ltr'><strong>reperire,</strong></span> <span class='ocrx_word' id='word_1_85' title='bbox 784 1199 867 1229; x_wconf 87' lang='lat' dir='ltr'><strong>vos</strong></span> <span class='ocrx_word' id='word_1_86' title='bbox 896 1183 1059 1229; x_wconf 88' lang='lat' dir='ltr'><strong>defessi</strong></span> <span class='ocrx_word' id='word_1_87' title='bbox 1081 1201 1317 1246; x_wconf 83' lang='lat' dir='ltr'><strong>quaerere.</strong></span> 
     </span>
     <span class='ocr_line' id='line_1_15' title="bbox 368 1275 1002 1311; baseline -0.002 -2"><span class='ocrx_word' id='word_1_88' title='bbox 368 1277 398 1309; x_wconf 89' lang='lat' dir='ltr'>P</span> <span class='ocrx_word' id='word_1_89' title='bbox 434 1277 463 1308; x_wconf 83' lang='lat' dir='ltr'>E</span> <span class='ocrx_word' id='word_1_90' title='bbox 499 1277 533 1311; x_wconf 82' lang='lat' dir='ltr'>R</span> <span class='ocrx_word' id='word_1_91' title='bbox 567 1277 587 1308; x_wconf 89' lang='grc' dir='ltr'>Ι</span> <span class='ocrx_word' id='word_1_92' title='bbox 626 1277 654 1309; x_wconf 90' lang='grc' dir='ltr'>Ρ</span> <span class='ocrx_word' id='word_1_93' title='bbox 690 1276 724 1309; x_wconf 81' lang='grc' dir='ltr'><strong>Η</strong></span> <span class='ocrx_word' id='word_1_94' title='bbox 759 1275 794 1307; x_wconf 86' lang='grc' dir='ltr'><strong>Α</strong></span> <span class='ocrx_word' id='word_1_95' title='bbox 829 1277 863 1308; x_wconf 82' lang='lat' dir='ltr'>N</span> <span class='ocrx_word' id='word_1_96' title='bbox 897 1277 927 1308; x_wconf 85' lang='grc' dir='ltr'><strong>Ε</strong></span> <span class='ocrx_word' id='word_1_97' title='bbox 965 1276 1002 1309; x_wconf 91' lang='lat' dir='ltr'><strong>s.</strong></span> 
     </span>
     <span class='ocr_line' id='line_1_16' title="bbox 50 1336 1321 1408; baseline 0.003 -26"><span class='ocrx_word' id='word_1_98' title='bbox 50 1337 187 1408; x_wconf 72' lang='lat' dir='ltr'><strong>Quid</strong></span> <span class='ocrx_word' id='word_1_99' title='bbox 224 1337 338 1383; x_wconf 82' lang='lat' dir='ltr'><strong>istic&#39;</strong></span> <span class='ocrx_word' id='word_1_100' title='bbox 364 1336 500 1404; x_wconf 54' lang='lat' dir='ltr'><strong>orapis</strong></span> <span class='ocrx_word' id='word_1_101' title='bbox 542 1352 685 1397; x_wconf 87' lang='lat' dir='ltr'><strong>opere</strong></span> <span class='ocrx_word' id='word_1_102' title='bbox 726 1337 895 1382; x_wconf 85' lang='lat' dir='ltr'>tanto?</span> <span class='ocrx_word' id='word_1_103' title='bbox 930 1338 1150 1384; x_wconf 85' lang='lat' dir='ltr'><strong>meruisse</strong></span> <span class='ocrx_word' id='word_1_104' title='bbox 1181 1340 1321 1386; x_wconf 86' lang='lat' dir='ltr'><strong>intel-</strong></span> 
     </span>
     <span class='ocr_line' id='line_1_17' title="bbox 303 1410 555 1473; baseline 0 -19"><span class='ocrx_word' id='word_1_105' title='bbox 303 1410 439 1473; x_wconf 88' lang='lat' dir='ltr'><strong>lego,</strong></span> <span class='ocrx_word' id='word_1_106' title='bbox 547 1457 555 1460; x_wconf 13' lang='grc' dir='ltr'>χ</span> 
     </span>
     <span class='ocr_line' id='line_1_18' title="bbox 50 1479 1324 1544; baseline 0.002 -16"><span class='ocrx_word' id='word_1_107' title='bbox 50 1481 115 1528; x_wconf 94' lang='lat' dir='ltr'><strong>Ut</strong></span> <span class='ocrx_word' id='word_1_108' title='bbox 138 1481 273 1528; x_wconf 85' lang='lat' dir='ltr'><strong>liceat</strong></span> <span class='ocrx_word' id='word_1_109' title='bbox 288 1481 459 1526; x_wconf 85' lang='lat' dir='ltr'><strong>merito</strong></span> <span class='ocrx_word' id='word_1_110' title='bbox 486 1482 627 1544; x_wconf 85' lang='lat' dir='ltr'><strong>hujus</strong></span> <span class='ocrx_word' id='word_1_111' title='bbox 653 1479 816 1526; x_wconf 81' lang='lat' dir='ltr'><strong>facere.</strong></span> <span class='ocrx_word' id='word_1_112' title='bbox 842 1481 962 1527; x_wconf 90' lang='lat' dir='ltr'><strong>cedo</strong></span> <span class='ocrx_word' id='word_1_113' title='bbox 981 1493 1065 1540; x_wconf 85' lang='lat' dir='ltr'><strong>tu,</strong></span> <span class='ocrx_word' id='word_1_114' title='bbox 1094 1494 1150 1529; x_wconf 90' lang='lat' dir='ltr'><strong>ut</strong></span> <span class='ocrx_word' id='word_1_115' title='bbox 1177 1485 1324 1531; x_wconf 82' lang='lat' dir='ltr'><strong>exsol-</strong></span> 
     </span>
     <span class='ocr_line' id='line_1_19' title="bbox 298 1570 636 1612; baseline -0.009 -11"><span class='ocrx_word' id='word_1_116' title='bbox 298 1571 406 1602; x_wconf 87' lang='lat' dir='ltr'><strong>vam</strong></span> <span class='ocrx_word' id='word_1_117' title='bbox 423 1589 436 1612; x_wconf 84' lang='grc'>,</span> <span class='ocrx_word' id='word_1_118' title='bbox 455 1570 636 1599; x_wconf 84' lang='lat' dir='ltr'><strong>manus.</strong></span> 
     </span>
    </p>
   </div>
   <div class='ocr_carea' id='block_1_3' title="bbox 446 1649 938 1687">
    <p class='ocr_par' dir='ltr' id='par_1_3' title="bbox 446 1649 938 1687">
     <span class='ocr_line' id='line_1_20' title="bbox 446 1649 938 1687; baseline -0.012 0"><span class='ocrx_word' id='word_1_119' title='bbox 446 1649 938 1687; x_wconf 82' lang='lat' dir='ltr'>EPIDICUS.</span> 
     </span>
    </p>
   </div>
   <div class='ocr_carea' id='block_1_4' title="bbox 50 1717 1006 1833">
    <p class='ocr_par' dir='ltr' id='par_1_4' title="bbox 50 1717 1006 1833">
     <span class='ocr_line' id='line_1_21' title="bbox 50 1717 325 1765; baseline -0.011 0"><span class='ocrx_word' id='word_1_120' title='bbox 50 1717 236 1765; x_wconf 84' lang='lat' dir='ltr'><strong>Neatti</strong></span> <span class='ocrx_word' id='word_1_121' title='bbox 315 1751 325 1762; x_wconf 93' lang='lat'><strong>.</strong></span> 
     </span>
     <span class='ocr_line' id='line_1_22' title="bbox 237 1733 1006 1833; baseline -0.01 2"><span class='ocrx_word' id='word_1_122' title='bbox 237 1733 311 1781; x_wconf 68' lang='lat' dir='ltr'><strong>gas</strong></span> <span class='ocrx_word' id='word_1_123' title='bbox 374 1794 1006 1833; x_wconf 76' lang='lat' dir='ltr'>PERIPHANES.</span> 
     </span>
    </p>
   </div>
   <div class='ocr_carea' id='block_1_5' title="bbox 343 1858 937 1985">
    <p class='ocr_par' dir='ltr' id='par_1_5' title="bbox 343 1858 937 1985">
     <span class='ocr_line' id='line_1_23' title="bbox 343 1858 704 1922; baseline -0.014 -16"><span class='ocrx_word' id='word_1_124' title='bbox 343 1858 554 1922; x_wconf 67' lang='lat' dir='ltr'><strong>Ostende</strong></span> <span class='ocrx_word' id='word_1_125' title='bbox 576 1873 704 1903; x_wconf 83' lang='lat' dir='ltr'><strong>vero.</strong></span> 
     </span>
     <span class='ocr_line' id='line_1_24' title="bbox 448 1948 937 1985; baseline -0.012 0"><span class='ocrx_word' id='word_1_126' title='bbox 448 1952 479 1985; x_wconf 83' lang='lat' dir='ltr'>E</span> <span class='ocrx_word' id='word_1_127' title='bbox 514 1951 542 1984; x_wconf 89' lang='grc' dir='ltr'>Ρ</span> <span class='ocrx_word' id='word_1_128' title='bbox 577 1951 599 1983; x_wconf 92' lang='lat'>1</span> <span class='ocrx_word' id='word_1_129' title='bbox 634 1951 669 1983; x_wconf 88' lang='lat' dir='ltr'>D</span> <span class='ocrx_word' id='word_1_130' title='bbox 707 1949 727 1982; x_wconf 94' lang='lat'>1</span> <span class='ocrx_word' id='word_1_131' title='bbox 763 1950 790 1980; x_wconf 90' lang='lat' dir='ltr'>c</span> <span class='ocrx_word' id='word_1_132' title='bbox 828 1948 864 1980; x_wconf 85' lang='lat' dir='ltr'>U</span> <span class='ocrx_word' id='word_1_133' title='bbox 900 1948 937 1985; x_wconf 90' lang='lat' dir='ltr'><strong>s.</strong></span> 
     </span>
    </p>
   </div>
   <div class='ocr_carea' id='block_1_6' title="bbox 717 2011 859 2056">
    <p class='ocr_par' dir='ltr' id='par_1_6' title="bbox 717 2011 859 2056">
     <span class='ocr_line' id='line_1_25' title="bbox 717 2011 859 2056; baseline -0.007 0"><span class='ocrx_word' id='word_1_134' title='bbox 717 2011 859 2056; x_wconf 92' lang='lat' dir='ltr'>Nolo.</span> 
     </span>
    </p>
   </div>
   <div class='ocr_carea' id='block_1_7' title="bbox 377 2094 1324 2215">
    <p class='ocr_par' dir='ltr' id='par_1_7' title="bbox 377 2094 1324 2215">
     <span class='ocr_line' id='line_1_26' title="bbox 377 2094 1014 2133; baseline -0.009 0"><span class='ocrx_word' id='word_1_135' title='bbox 377 2101 407 2133; x_wconf 90' lang='grc' dir='ltr'>Ρ</span> <span class='ocrx_word' id='word_1_136' title='bbox 441 2099 472 2131; x_wconf 83' lang='lat' dir='ltr'>E</span> <span class='ocrx_word' id='word_1_137' title='bbox 506 2100 540 2132; x_wconf 84' lang='lat' dir='ltr'>R</span> <span class='ocrx_word' id='word_1_138' title='bbox 574 2098 595 2130; x_wconf 93' lang='lat'>1</span> <span class='ocrx_word' id='word_1_139' title='bbox 630 2098 661 2130; x_wconf 88' lang='lat' dir='ltr'>P</span> <span class='ocrx_word' id='word_1_140' title='bbox 697 2097 732 2129; x_wconf 86' lang='lat' dir='ltr'>H</span> <span class='ocrx_word' id='word_1_141' title='bbox 767 2096 802 2128; x_wconf 86' lang='lat' dir='ltr'>A</span> <span class='ocrx_word' id='word_1_142' title='bbox 838 2096 872 2128; x_wconf 81' lang='lat' dir='ltr'>N</span> <span class='ocrx_word' id='word_1_143' title='bbox 908 2095 937 2127; x_wconf 81' lang='grc' dir='ltr'><strong>Ε</strong></span> <span class='ocrx_word' id='word_1_144' title='bbox 974 2094 1014 2128; x_wconf 90' lang='lat' dir='ltr'><strong>s.</strong></span> 
     </span>
     <span class='ocr_line' id='line_1_27' title="bbox 828 2154 1324 2215; baseline -0.002 -14"><span class='ocrx_word' id='word_1_145' title='bbox 828 2155 943 2201; x_wconf 89' lang='lat' dir='ltr'><strong>Non</strong></span> <span class='ocrx_word' id='word_1_146' title='bbox 970 2169 1178 2215; x_wconf 87' lang='lat' dir='ltr'><strong>aequom</strong></span> <span class='ocrx_word' id='word_1_147' title='bbox 1202 2154 1324 2202; x_wconf 84' lang='lat' dir='ltr'><strong>facis.</strong></span> 
     </span>
    </p>
   </div>
   <div class='ocr_carea' id='block_1_8' title="bbox 64 2254 1338 2444">
    <p class='ocr_par' dir='ltr' id='par_1_8' title="bbox 64 2254 1338 2444">
     <span class='ocr_line' id='line_1_28' title="bbox 444 2254 930 2290; baseline -0.008 0"><span class='ocrx_word' id='word_1_148' title='bbox 444 2258 476 2290; x_wconf 78' lang='lat' dir='ltr'><strong>E</strong></span> <span class='ocrx_word' id='word_1_149' title='bbox 507 2256 537 2290; x_wconf 86' lang='lat' dir='ltr'>P</span> <span class='ocrx_word' id='word_1_150' title='bbox 573 2257 595 2290; x_wconf 92' lang='lat'>1</span> <span class='ocrx_word' id='word_1_151' title='bbox 630 2257 667 2289; x_wconf 96' lang='lat' dir='ltr'>D</span> <span class='ocrx_word' id='word_1_152' title='bbox 700 2255 722 2287; x_wconf 93' lang='lat'>1</span> <span class='ocrx_word' id='word_1_153' title='bbox 758 2254 784 2288; x_wconf 86' lang='lat' dir='ltr'>c</span> <span class='ocrx_word' id='word_1_154' title='bbox 820 2255 855 2287; x_wconf 87' lang='lat' dir='ltr'>U</span> <span class='ocrx_word' id='word_1_155' title='bbox 892 2254 930 2287; x_wconf 89' lang='lat' dir='ltr'><strong>s.</strong></span> 
     </span>
     <span class='ocr_line' id='line_1_29' title="bbox 64 2310 1329 2377; baseline -0.003 -14"><span class='ocrx_word' id='word_1_156' title='bbox 64 2316 341 2377; x_wconf 86' lang='lat' dir='ltr'><strong>Numquam</strong></span> <span class='ocrx_word' id='word_1_157' title='bbox 355 2349 369 2371; x_wconf 84' lang='lat'>,</span> <span class='ocrx_word' id='word_1_158' title='bbox 385 2315 567 2372; x_wconf 82' lang='lat' dir='ltr'><strong>hercle,</strong></span> <span class='ocrx_word' id='word_1_159' title='bbox 594 2315 763 2371; x_wconf 87' lang='lat' dir='ltr'><strong>hodie,</strong></span> <span class='ocrx_word' id='word_1_160' title='bbox 793 2314 881 2359; x_wconf 85' lang='lat' dir='ltr'><strong>nisi</strong></span> <span class='ocrx_word' id='word_1_161' title='bbox 899 2313 1186 2375; x_wconf 72' lang='lat' dir='ltr'><strong>supplicium</strong></span> <span class='ocrx_word' id='word_1_162' title='bbox 1209 2310 1329 2359; x_wconf 82' lang='lat' dir='ltr'><strong>mihi</strong></span> 
     </span>
     <span class='ocr_line' id='line_1_30' title="bbox 318 2383 1338 2444; baseline -0.003 -10"><span class='ocrx_word' id='word_1_163' title='bbox 318 2387 395 2434; x_wconf 83' lang='lat' dir='ltr'><strong>das</strong></span> <span class='ocrx_word' id='word_1_164' title='bbox 411 2421 426 2444; x_wconf 89' lang='lat'>,</span> <span class='ocrx_word' id='word_1_165' title='bbox 453 2403 533 2433; x_wconf 88' lang='lat' dir='ltr'><strong>me</strong></span> <span class='ocrx_word' id='word_1_166' title='bbox 557 2388 676 2435; x_wconf 87' lang='lat' dir='ltr'><strong>solvi</strong></span> <span class='ocrx_word' id='word_1_167' title='bbox 703 2388 863 2434; x_wconf 86' lang='lat' dir='ltr'><strong>sinam.</strong></span> <span class='ocrx_word' id='word_1_168' title='bbox 1332 2383 1338 2387; x_wconf 49' lang='lat'>⁸</span> 
     </span>
    </p>
   </div>
  </div>
 </body>
</html>
