1618 2866
69 176 196 222 ως
378 157 667 208 Ac‘rus
715 157 1071 208 111.SC.1.
1158 179 1166 186 ·
1262 176 1359 226 391

229 278 1213 316 PERIPLECTOMENES.

67 341 178 389 Plus
209 339 334 387 dabo
349 374 364 396 ,
396 356 545 400 quam
572 339 857 402 praedicabo
873 374 888 399 ‚
921 355 983 387 ex
1007 357 1088 388 me
1126 352 1351 390 venusta·-

332 412 391 459 tis
418 412 523 458 tibi.

67 485 242 547 Neque
271 501 360 550 ego
388 483 450 530 ad
484 500 696 530 mensam
722 485 936 546 publicas
961 501 1032 532 res
1060 488 1212 534 clamo
1229 522 1244 545 ,
1266 503 1351 534 ne-

283 573 425 619 que
451 558 575 622 leges
605 573 777 619 crepo:

67 634 241 695 Neque
266 648 354 713 ego
385 648 621 714 umquam
651 632 863 678 alienum
894 645 1107 680 scortum
1139 634 1348 699 subigito

323 706 376 750 in
397 705 634 752 convivio.

66 780 238 842 Neque
252 778 484 840 praeripio
506 781 908 841 pulpamentum,
937 795 1102 842 neque
1131 796 1350 841 praevor‹

321 862 375 898 to
401 854 643 933 ‘poculum
656 887 671 910 ‚

63 924 236 985 Neque
261 940 347 986 per
367 924 538 970 vinum
564 940 799 984 umquam
832 940 893 970 ex
925 941 1004 971 me
1027 926 1237 972 exoritur
1259 924 1347 971 dis·

316 997 493 1043 sidium
524 998 576 1042 in
606 997 843 1043 convivio.

63 1070 115 1119 Si
131 1070 238 1132 quis
261 1070 330 1116 ibi
354 1082 422 1116 est
443 1069 633 1116 odiosus
646 1103 662 1126 ,
681 1069 802 1115 abeo
827 1069 1060 1127 domum,
1076 1084 1347 1116 sermonem

318 1158 523 1208 segrego.

65 1215 302 1263 Venerem
316 1248 332 1273 ‚
362 1231 574 1262 amorem
592 1248 609 1274 ,
643 1215 1080 1277 amoenitatemque
1116 1214 1349 1262 accubans

320 1304 530 1335 exerceo.

423 1374 453 1407 P
493 1374 525 1407 L
556 1373 589 1406 Ε
623 1372 660 1406 U
697 1372 720 1407 s
755 1374 778 1406 1
813 1373 849 1405 D
884 1372 915 1405 Ε
953 1371 991 1406 s.

63 1436 162 1482 Tui
183 1433 385 1496 quidem
411 1434 588 1496 edepol
608 1448 774 1480 omnes
788 1449 943 1479 mores
959 1430 1021 1478 ad
1045 1443 1343 1480 venustatem

315 1509 488 1557 valent.

62 1580 195 1628 Cedo
222 1581 302 1627 tris
332 1581 453 1627 mihi
483 1580 702 1626 homines
737 1578 1000 1625 aurichalco
1031 1588 1196 1624 eontra
1212 1572 1344 1634 'cum

318 1652 412 1698 istis
443 1651 670 1698 moribus.

386 1747 415 1779 Ρ
454 1746 490 1779 A
525 1745 556 1778 1.
591 1744 627 1776 A
661 1744 692 1777 Ε
731 1743 754 1778 s
790 1743 822 1776 Τ
857 1744 891 1776 R
925 1743 947 1776 1
982 1743 1033 1776 o.

63 1801 128 1850 At
158 1803 359 1865 quidem
395 1804 510 1850 illuc
552 1802 711 1849 aetatis
748 1803 837 1864 qui
868 1802 927 1848 sit
944 1836 960 1860 ,
995 1816 1099 1848 non
1130 1802 1344 1849 invenies

311 1880 515 1924 alterum

64 1947 368 2011 Lepidiorem
393 1950 455 1997 ad
482 1951 636 1997 omnis
663 1966 759 2009 res,
792 1965 884 1997 nec
911 1949 999 2010 qui
1018 1948 1196 1996 amicus
1219 1949 1340 1995 ami-

316 2039 373 2068 co
403 2023 462 2069 sit
487 2024 647 2088 magis.

228 2114 1202 2151 PERIPLECTOMENES.

66 2172 195 2219 Tute
226 2189 305 2219 me
337 2187 393 2221 ut
409 2167 591 2226 fateare
621 2175 788 2222 faciam
807 2209 823 2232 ‚
858 2190 952 2220 esse
985 2174 1338 2224 adulescentem

316 2249 550 2294 moribus:
764 2302 766 2305 ,

24 2385 33 2388 -
66 2317 140 2364 Ita
172 2316 303 2378 apud
345 2320 497 2384 omnis
535 2323 807 2385 conpareho
843 2323 935 2371 tibi
981 2339 1053 2370 ree
1085 2319 1345 2370 benefactis

325 2388 558 2451 frequens·

988 2464 1152 2526 Bb4
