<?xml version="1.0" encoding="UTF-8"?>
<!DOCTYPE html PUBLIC "-//W3C//DTD XHTML 1.0 Transitional//EN"
    "http://www.w3.org/TR/xhtml1/DTD/xhtml1-transitional.dtd">
<html xmlns="http://www.w3.org/1999/xhtml" xml:lang="en" lang="en">
 <head>
  <title>
</title>
<meta http-equiv="Content-Type" content="text/html;charset=utf-8" />
  <meta name='ocr-system' content='tesseract 3.04.00' />
  <meta name='ocr-capabilities' content='ocr_page ocr_carea ocr_par ocr_line ocrx_word'/>
</head>
<body>
  <div class='ocr_page' id='page_1' title='image "./comoediaesuperst02plauuoft_0123.png"; bbox 0 0 1618 2866; ppageno 0'>
   <div class='ocr_carea' id='block_1_1' title="bbox 68 207 1347 272">
    <p class='ocr_par' dir='ltr' id='par_1_1' title="bbox 68 207 1347 272">
     <span class='ocr_line' id='line_1_1' title="bbox 68 207 1347 272; baseline -0.001 -13"><span class='ocrx_word' id='word_1_1' title='bbox 68 225 195 272; x_wconf 77' lang='lat' dir='ltr'>v.43</span> <span class='ocrx_word' id='word_1_2' title='bbox 329 207 619 256; x_wconf 88' lang='lat' dir='ltr'>ACTUS</span> <span class='ocrx_word' id='word_1_3' title='bbox 669 208 789 255; x_wconf 92' lang='lat'>111.</span> <span class='ocrx_word' id='word_1_4' title='bbox 838 207 942 256; x_wconf 89' lang='lat' dir='ltr'>SC.</span> <span class='ocrx_word' id='word_1_5' title='bbox 995 209 1096 257; x_wconf 88' lang='lat' dir='ltr'>IV.</span> <span class='ocrx_word' id='word_1_6' title='bbox 1259 225 1347 272; x_wconf 78' lang='lat'>115</span> 
     </span>
    </p>
   </div>
   <div class='ocr_carea' id='block_1_2' title="bbox 65 302 1357 1101">
    <p class='ocr_par' dir='ltr' id='par_1_2' title="bbox 65 302 1357 1101">
     <span class='ocr_line' id='line_1_2' title="bbox 359 302 1019 363; baseline 0 -2"><span class='ocrx_word' id='word_1_7' title='bbox 359 302 1019 363; x_wconf 46' lang='lat' dir='ltr'>&#39;PERIPHANEffl</span> 
     </span>
     <span class='ocr_line' id='line_1_3' title="bbox 65 386 1239 447; baseline 0.001 -13"><span class='ocrx_word' id='word_1_8' title='bbox 65 386 198 434; x_wconf 88' lang='lat' dir='ltr'>Nihil</span> <span class='ocrx_word' id='word_1_9' title='bbox 224 386 412 433; x_wconf 85' lang='lat' dir='ltr'>homini</span> <span class='ocrx_word' id='word_1_10' title='bbox 436 386 588 432; x_wconf 88' lang='lat' dir='ltr'>amico</span> <span class='ocrx_word' id='word_1_11' title='bbox 619 394 687 431; x_wconf 84' lang='lat' dir='ltr'>est</span> <span class='ocrx_word' id='word_1_12' title='bbox 713 396 991 447; x_wconf 86' lang='lat' dir='ltr'>opportuno</span> <span class='ocrx_word' id='word_1_13' title='bbox 1022 388 1239 435; x_wconf 87' lang='lat' dir='ltr'>amicius:</span> 
     </span>
     <span class='ocr_line' id='line_1_4' title="bbox 67 459 1301 522; baseline 0.001 -15"><span class='ocrx_word' id='word_1_14' title='bbox 67 460 178 507; x_wconf 89' lang='lat' dir='ltr'>Sine</span> <span class='ocrx_word' id='word_1_15' title='bbox 199 472 287 507; x_wconf 87' lang='lat' dir='ltr'>tuo</span> <span class='ocrx_word' id='word_1_16' title='bbox 314 461 502 517; x_wconf 87' lang='lat' dir='ltr'>labore,</span> <span class='ocrx_word' id='word_1_17' title='bbox 526 460 663 522; x_wconf 90' lang='lat' dir='ltr'>quod</span> <span class='ocrx_word' id='word_1_18' title='bbox 686 459 827 518; x_wconf 88' lang='lat' dir='ltr'>velis,</span> <span class='ocrx_word' id='word_1_19' title='bbox 849 472 1013 507; x_wconf 89' lang='lat' dir='ltr'>actum</span> <span class='ocrx_word' id='word_1_20' title='bbox 1034 473 1103 508; x_wconf 90' lang='lat' dir='ltr'>est</span> <span class='ocrx_word' id='word_1_21' title='bbox 1127 473 1301 511; x_wconf 86' lang='lat' dir='ltr'>tamen.</span> 
     </span>
     <span class='ocr_line' id='line_1_5' title="bbox 67 533 1275 599; baseline 0.001 -18"><span class='ocrx_word' id='word_1_22' title='bbox 67 533 171 596; x_wconf 87' lang='lat' dir='ltr'>Ego</span> <span class='ocrx_word' id='word_1_23' title='bbox 205 533 240 578; x_wconf 89' lang='lat' dir='ltr'>si</span> <span class='ocrx_word' id='word_1_24' title='bbox 273 534 538 597; x_wconf 85' lang='lat' dir='ltr'>allegassem</span> <span class='ocrx_word' id='word_1_25' title='bbox 561 534 772 595; x_wconf 87' lang='lat' dir='ltr'>aliquem</span> <span class='ocrx_word' id='word_1_26' title='bbox 804 533 865 580; x_wconf 90' lang='lat' dir='ltr'>ad</span> <span class='ocrx_word' id='word_1_27' title='bbox 894 534 990 582; x_wconf 92' lang='lat' dir='ltr'>hoc</span> <span class='ocrx_word' id='word_1_28' title='bbox 1024 535 1275 599; x_wconf 87' lang='lat' dir='ltr'>negotium</span> 
     </span>
     <span class='ocr_line' id='line_1_6' title="bbox 70 605 1357 668; baseline 0.002 -16"><span class='ocrx_word' id='word_1_29' title='bbox 70 605 231 652; x_wconf 89' lang='lat' dir='ltr'>Minus</span> <span class='ocrx_word' id='word_1_30' title='bbox 247 606 494 651; x_wconf 88' lang='lat' dir='ltr'>hominem</span> <span class='ocrx_word' id='word_1_31' title='bbox 517 605 717 652; x_wconf 90' lang='lat' dir='ltr'>doctum</span> <span class='ocrx_word' id='word_1_32' title='bbox 729 640 743 662; x_wconf 84' lang='grc'>,</span> <span class='ocrx_word' id='word_1_33' title='bbox 761 605 1018 668; x_wconf 82' lang='lat' dir='ltr'>minusque</span> <span class='ocrx_word' id='word_1_34' title='bbox 1034 607 1096 653; x_wconf 90' lang='lat' dir='ltr'>ad</span> <span class='ocrx_word' id='word_1_35' title='bbox 1113 607 1234 654; x_wconf 88' lang='lat' dir='ltr'>hanc</span> <span class='ocrx_word' id='word_1_36' title='bbox 1250 624 1357 656; x_wconf 83' lang='lat' dir='ltr'>rem</span> 
     </span>
     <span class='ocr_line' id='line_1_7' title="bbox 292 679 588 736; baseline -0.003 -12"><span class='ocrx_word' id='word_1_37' title='bbox 292 712 301 717; x_wconf 87' lang='lat'>-</span> <span class='ocrx_word' id='word_1_38' title='bbox 332 679 557 724; x_wconf 90' lang='lat' dir='ltr'>callidum</span> <span class='ocrx_word' id='word_1_39' title='bbox 572 712 588 736; x_wconf 82' lang='lat'><em>,</em></span> 
     </span>
     <span class='ocr_line' id='line_1_8' title="bbox 72 747 1242 812; baseline 0 -14"><span class='ocrx_word' id='word_1_40' title='bbox 72 752 142 798; x_wconf 90' lang='lat' dir='ltr'>Os</span> <span class='ocrx_word' id='word_1_41' title='bbox 171 750 402 797; x_wconf 88' lang='lat' dir='ltr'>sublitum</span> <span class='ocrx_word' id='word_1_42' title='bbox 424 761 553 796; x_wconf 87' lang='lat' dir='ltr'>esset.</span> <span class='ocrx_word' id='word_1_43' title='bbox 582 750 745 812; x_wconf 89' lang='lat' dir='ltr'>itaque</span> <span class='ocrx_word' id='word_1_44' title='bbox 768 766 848 797; x_wconf 88' lang='lat' dir='ltr'>me</span> <span class='ocrx_word' id='word_1_45' title='bbox 870 750 986 796; x_wconf 91' lang='lat' dir='ltr'>albis</span> <span class='ocrx_word' id='word_1_46' title='bbox 1016 747 1242 798; x_wconf 83' lang='lat' dir='ltr'>dentibus</span> 
     </span>
     <span class='ocr_line' id='line_1_9' title="bbox 71 821 979 869; baseline -0.002 0"><span class='ocrx_word' id='word_1_47' title='bbox 71 823 208 869; x_wconf 90' lang='lat' dir='ltr'>Meus</span> <span class='ocrx_word' id='word_1_48' title='bbox 238 821 469 868; x_wconf 83' lang='lat' dir='ltr'>derideret</span> <span class='ocrx_word' id='word_1_49' title='bbox 497 821 618 868; x_wconf 87' lang='lat' dir='ltr'>filius</span> <span class='ocrx_word' id='word_1_50' title='bbox 646 821 979 869; x_wconf 87' lang='lat' dir='ltr'>meritissumo.</span> 
     </span>
     <span class='ocr_line' id='line_1_10' title="bbox 74 893 1355 955; baseline 0 -15"><span class='ocrx_word' id='word_1_51' title='bbox 74 893 168 940; x_wconf 88' lang='lat' dir='ltr'>Sed</span> <span class='ocrx_word' id='word_1_52' title='bbox 196 893 273 940; x_wconf 87' lang='lat' dir='ltr'>hic</span> <span class='ocrx_word' id='word_1_53' title='bbox 301 894 406 955; x_wconf 90' lang='lat' dir='ltr'>quis</span> <span class='ocrx_word' id='word_1_54' title='bbox 437 905 503 940; x_wconf 90' lang='lat' dir='ltr'>est</span> <span class='ocrx_word' id='word_1_55' title='bbox 520 929 534 951; x_wconf 90' lang='lat'>,</span> <span class='ocrx_word' id='word_1_56' title='bbox 569 911 719 955; x_wconf 89' lang='lat' dir='ltr'>quem</span> <span class='ocrx_word' id='word_1_57' title='bbox 747 895 842 941; x_wconf 92' lang='lat' dir='ltr'>huc</span> <span class='ocrx_word' id='word_1_58' title='bbox 868 893 1202 941; x_wconf 88' lang='lat' dir='ltr'>advenientem</span> <span class='ocrx_word' id='word_1_59' title='bbox 1238 908 1355 940; x_wconf 78' lang='lat' dir='ltr'>con-</span> 
     </span>
     <span class='ocr_line' id='line_1_11' title="bbox 322 960 665 1028; baseline 0 -17"><span class='ocrx_word' id='word_1_60' title='bbox 322 967 474 1028; x_wconf 82' lang='lat' dir='ltr'>spicor</span> <span class='ocrx_word' id='word_1_61' title='bbox 488 1001 505 1024; x_wconf 77' lang='grc'><em>,</em></span> <span class='ocrx_word' id='word_1_62' title='bbox 662 960 665 962; x_wconf 15' lang='lat' dir='ltr'>V</span> 
     </span>
     <span class='ocr_line' id='line_1_12' title="bbox 74 1037 1354 1101; baseline -0.001 -15"><span class='ocrx_word' id='word_1_63' title='bbox 74 1037 219 1086; x_wconf 89' lang='lat' dir='ltr'>Suam</span> <span class='ocrx_word' id='word_1_64' title='bbox 238 1038 323 1101; x_wconf 88' lang='lat' dir='ltr'>qui</span> <span class='ocrx_word' id='word_1_65' title='bbox 339 1038 604 1084; x_wconf 89' lang='lat' dir='ltr'>undantem</span> <span class='ocrx_word' id='word_1_66' title='bbox 618 1037 922 1101; x_wconf 81' lang='lat' dir='ltr'>chlamydem</span> <span class='ocrx_word' id='word_1_67' title='bbox 938 1038 1201 1100; x_wconf 84' lang='lat' dir='ltr'>quassando</span> <span class='ocrx_word' id='word_1_68' title='bbox 1215 1038 1354 1085; x_wconf 78' lang='lat' dir='ltr'>facit?</span> 
     </span>
    </p>
   </div>
   <div class='ocr_carea' id='block_1_3' title="bbox 79 1149 1356 1319">
    <p class='ocr_par' dir='ltr' id='par_1_3' title="bbox 79 1149 1356 1319">
     <span class='ocr_line' id='line_1_13' title="bbox 426 1149 999 1217; baseline -0.002 0"><span class='ocrx_word' id='word_1_69' title='bbox 426 1172 462 1217; x_wconf 82' lang='lat' dir='ltr'>s</span> <span class='ocrx_word' id='word_1_70' title='bbox 513 1170 551 1216; x_wconf 81' lang='lat' dir='ltr'>c</span> <span class='ocrx_word' id='word_1_71' title='bbox 593 1170 637 1217; x_wconf 88' lang='lat' dir='ltr'><em>E</em></span> <span class='ocrx_word' id='word_1_72' title='bbox 678 1170 732 1217; x_wconf 90' lang='grc' dir='ltr'><strong><em>Ν</em></strong></span> <span class='ocrx_word' id='word_1_73' title='bbox 767 1172 806 1215; x_wconf 79' lang='grc' dir='ltr'><em>Α</em></span> <span class='ocrx_word' id='word_1_74' title='bbox 887 1149 999 1216; x_wconf 74' lang='lat' dir='ltr'>iv.</span> 
     </span>
     <span class='ocr_line' id='line_1_14' title="bbox 79 1278 1356 1319; baseline -0.002 -2"><span class='ocrx_word' id='word_1_75' title='bbox 79 1281 347 1319; x_wconf 75' lang='lat' dir='ltr'><em>MILES,</em></span> <span class='ocrx_word' id='word_1_76' title='bbox 386 1280 922 1319; x_wconf 66' lang='lat' dir='ltr'><em>PERIPHANBS,</em></span> <span class='ocrx_word' id='word_1_77' title='bbox 965 1278 1356 1318; x_wconf 75' lang='lat' dir='ltr'><strong><em>FIDICINA.</em></strong></span> 
     </span>
    </p>
   </div>
   <div class='ocr_carea' id='block_1_4' title="bbox 563 1408 871 1445">
    <p class='ocr_par' dir='ltr' id='par_1_4' title="bbox 563 1408 871 1445">
     <span class='ocr_line' id='line_1_15' title="bbox 563 1408 871 1445; baseline 0 0"><span class='ocrx_word' id='word_1_78' title='bbox 563 1408 871 1445; x_wconf 79' lang='lat' dir='ltr'><strong>MILES.</strong></span> 
     </span>
    </p>
   </div>
   <div class='ocr_carea' id='block_1_5' title="bbox 80 1463 1316 1733">
    <p class='ocr_par' dir='ltr' id='par_1_5' title="bbox 80 1463 1316 1733">
     <span class='ocr_line' id='line_1_16' title="bbox 83 1463 1316 1594; baseline 0 -18"><span class='ocrx_word' id='word_1_79' title='bbox 83 1463 172 1576; x_wconf 84' lang='lat' dir='ltr'>C</span> <span class='ocrx_word' id='word_1_80' title='bbox 196 1540 226 1574; x_wconf 69' lang='lat' dir='ltr'>A</span> <span class='ocrx_word' id='word_1_81' title='bbox 241 1542 277 1576; x_wconf 92' lang='lat' dir='ltr'><strong>v</strong></span> <span class='ocrx_word' id='word_1_82' title='bbox 294 1540 324 1573; x_wconf 78' lang='lat' dir='ltr'>E</span> <span class='ocrx_word' id='word_1_83' title='bbox 354 1528 657 1590; x_wconf 80' lang='lat' dir='ltr'>praeterbitas</span> <span class='ocrx_word' id='word_1_84' title='bbox 689 1529 804 1574; x_wconf 87' lang='lat' dir='ltr'>ullas</span> <span class='ocrx_word' id='word_1_85' title='bbox 827 1527 952 1575; x_wconf 83' lang='lat' dir='ltr'>aedis</span> <span class='ocrx_word' id='word_1_86' title='bbox 966 1563 981 1586; x_wconf 89' lang='lat'>‚</span> <span class='ocrx_word' id='word_1_87' title='bbox 1010 1529 1133 1589; x_wconf 91' lang='lat' dir='ltr'>quin</span> <span class='ocrx_word' id='word_1_88' title='bbox 1151 1545 1283 1594; x_wconf 85' lang='lat' dir='ltr'>roges</span> <span class='ocrx_word' id='word_1_89' title='bbox 1298 1565 1316 1588; x_wconf 93' lang='lat'>‚</span> 
     </span>
     <span class='ocr_line' id='line_1_17' title="bbox 80 1599 1153 1662; baseline -0.002 -15"><span class='ocrx_word' id='word_1_90' title='bbox 80 1599 235 1652; x_wconf 85' lang='lat' dir='ltr'>Senex</span> <span class='ocrx_word' id='word_1_91' title='bbox 265 1601 352 1648; x_wconf 90' lang='lat' dir='ltr'>ubi</span> <span class='ocrx_word' id='word_1_92' title='bbox 380 1601 560 1648; x_wconf 87' lang='lat' dir='ltr'>habitat</span> <span class='ocrx_word' id='word_1_93' title='bbox 593 1602 874 1662; x_wconf 83' lang='lat' dir='ltr'>Periphanes</span> <span class='ocrx_word' id='word_1_94' title='bbox 901 1601 1153 1646; x_wconf 81' lang='lat' dir='ltr'>Platenius.</span> 
     </span>
     <span class='ocr_line' id='line_1_18' title="bbox 81 1671 1277 1733; baseline -0.003 -11"><span class='ocrx_word' id='word_1_95' title='bbox 81 1676 292 1725; x_wconf 80' lang='lat' dir='ltr'>Incertus</span> <span class='ocrx_word' id='word_1_96' title='bbox 325 1686 468 1721; x_wconf 89' lang='lat' dir='ltr'>tuum</span> <span class='ocrx_word' id='word_1_97' title='bbox 502 1691 614 1720; x_wconf 81' lang='lat' dir='ltr'>cave</span> <span class='ocrx_word' id='word_1_98' title='bbox 648 1673 708 1719; x_wconf 89' lang='lat' dir='ltr'>ad</span> <span class='ocrx_word' id='word_1_99' title='bbox 740 1690 819 1719; x_wconf 91' lang='lat' dir='ltr'>me</span> <span class='ocrx_word' id='word_1_100' title='bbox 847 1673 1058 1720; x_wconf 85' lang='lat' dir='ltr'>retuleris</span> <span class='ocrx_word' id='word_1_101' title='bbox 1087 1671 1277 1733; x_wconf 84' lang='lat' dir='ltr'>pedem.</span> 
     </span>
    </p>
   </div>
   <div class='ocr_carea' id='block_1_6' title="bbox 45 1765 1366 2344">
    <p class='ocr_par' dir='ltr' id='par_1_6' title="bbox 45 1765 1366 2344">
     <span class='ocr_line' id='line_1_19' title="bbox 402 1765 1084 1808; baseline -0.003 0"><span class='ocrx_word' id='word_1_102' title='bbox 402 1765 1084 1808; x_wconf 73' lang='lat' dir='ltr'>PERIPHANES.&#39;</span> 
     </span>
     <span class='ocr_line' id='line_1_20' title="bbox 85 1834 1365 1895; baseline 0 -15"><span class='ocrx_word' id='word_1_103' title='bbox 85 1834 370 1881; x_wconf 82' lang='lat' dir='ltr'>Adulescens</span> <span class='ocrx_word' id='word_1_104' title='bbox 386 1869 400 1892; x_wconf 87' lang='lat'>‚</span> <span class='ocrx_word' id='word_1_105' title='bbox 419 1835 454 1879; x_wconf 83' lang='lat' dir='ltr'>si</span> <span class='ocrx_word' id='word_1_106' title='bbox 474 1834 627 1881; x_wconf 84' lang='lat' dir='ltr'>istunc</span> <span class='ocrx_word' id='word_1_107' title='bbox 649 1835 899 1881; x_wconf 88' lang='lat' dir='ltr'>hominem</span> <span class='ocrx_word' id='word_1_108' title='bbox 918 1869 932 1892; x_wconf 91' lang='lat'>,</span> <span class='ocrx_word' id='word_1_109' title='bbox 960 1850 1111 1895; x_wconf 91' lang='lat' dir='ltr'>quem</span> <span class='ocrx_word' id='word_1_110' title='bbox 1135 1844 1191 1879; x_wconf 89' lang='lat' dir='ltr'>tu</span> <span class='ocrx_word' id='word_1_111' title='bbox 1218 1849 1365 1894; x_wconf 89' lang='lat' dir='ltr'>quae-</span> 
     </span>
     <span class='ocr_line' id='line_1_21' title="bbox 274 1907 474 1964; baseline -0.005 -12"><span class='ocrx_word' id='word_1_112' title='bbox 274 1944 278 1946; x_wconf 90' lang='lat'>.</span> <span class='ocrx_word' id='word_1_113' title='bbox 339 1907 444 1952; x_wconf 85' lang='lat' dir='ltr'>ritas</span> <span class='ocrx_word' id='word_1_114' title='bbox 460 1940 474 1964; x_wconf 86' lang='lat'>,</span> 
     </span>
     <span class='ocr_line' id='line_1_22' title="bbox 45 1977 1366 2043; baseline 0 -18"><span class='ocrx_word' id='word_1_115' title='bbox 45 2015 50 2019; x_wconf 83' lang='lat'><em>.</em></span> <span class='ocrx_word' id='word_1_116' title='bbox 89 1980 201 2027; x_wconf 76' lang='lat' dir='ltr'>Tibi</span> <span class='ocrx_word' id='word_1_117' title='bbox 227 1977 634 2037; x_wconf 43' lang='lat' dir='ltr'>&#39;conmonstrassQ</span> <span class='ocrx_word' id='word_1_118' title='bbox 672 1996 875 2041; x_wconf 83' lang='lat' dir='ltr'>ecquam</span> <span class='ocrx_word' id='word_1_119' title='bbox 906 1980 989 2026; x_wconf 84' lang='lat' dir='ltr'>abs</span> <span class='ocrx_word' id='word_1_120' title='bbox 1022 1991 1071 2026; x_wconf 89' lang='lat' dir='ltr'>te</span> <span class='ocrx_word' id='word_1_121' title='bbox 1098 1978 1233 2027; x_wconf 83' lang='lat' dir='ltr'>inibo</span> <span class='ocrx_word' id='word_1_122' title='bbox 1264 1994 1366 2043; x_wconf 84' lang='lat' dir='ltr'>gra-</span> 
     </span>
     <span class='ocr_line' id='line_1_23' title="bbox 339 2053 484 2099; baseline -0.007 0"><span class='ocrx_word' id='word_1_123' title='bbox 339 2053 484 2099; x_wconf 88' lang='lat' dir='ltr'>tiam?</span> 
     </span>
     <span class='ocr_line' id='line_1_24' title="bbox 567 2145 877 2179; baseline 0 -1"><span class='ocrx_word' id='word_1_124' title='bbox 567 2145 611 2178; x_wconf 89' lang='lat' dir='ltr'>M</span> <span class='ocrx_word' id='word_1_125' title='bbox 646 2145 667 2178; x_wconf 93' lang='lat' dir='ltr'>I</span> <span class='ocrx_word' id='word_1_126' title='bbox 703 2145 734 2178; x_wconf 88' lang='lat' dir='ltr'>L</span> <span class='ocrx_word' id='word_1_127' title='bbox 770 2146 799 2178; x_wconf 85' lang='lat' dir='ltr'>E</span> <span class='ocrx_word' id='word_1_128' title='bbox 838 2145 877 2179; x_wconf 88' lang='lat' dir='ltr'>S.</span> 
     </span>
     <span class='ocr_line' id='line_1_25' title="bbox 94 2201 1185 2266; baseline 0.006 -20"><span class='ocrx_word' id='word_1_129' title='bbox 94 2201 280 2248; x_wconf 90' lang='lat' dir='ltr'>Virtute</span> <span class='ocrx_word' id='word_1_130' title='bbox 309 2203 423 2250; x_wconf 85' lang='lat' dir='ltr'>belli</span> <span class='ocrx_word' id='word_1_131' title='bbox 450 2216 651 2251; x_wconf 85' lang='lat' dir='ltr'>armatus</span> <span class='ocrx_word' id='word_1_132' title='bbox 678 2206 952 2266; x_wconf 85' lang='lat' dir='ltr'>promerui,</span> <span class='ocrx_word' id='word_1_133' title='bbox 982 2217 1038 2253; x_wconf 91' lang='lat' dir='ltr'>ut</span> <span class='ocrx_word' id='word_1_134' title='bbox 1064 2206 1185 2253; x_wconf 87' lang='lat' dir='ltr'>mihi</span> 
     </span>
     <span class='ocr_line' id='line_1_26' title="bbox 97 2276 1052 2344; baseline 0.004 -22"><span class='ocrx_word' id='word_1_135' title='bbox 97 2276 267 2322; x_wconf 90' lang='lat' dir='ltr'>Omnis</span> <span class='ocrx_word' id='word_1_136' title='bbox 294 2278 500 2324; x_wconf 81' lang='lat' dir='ltr'>mortalis</span> <span class='ocrx_word' id='word_1_137' title='bbox 527 2278 690 2325; x_wconf 86' lang='lat' dir='ltr'>deceat</span> <span class='ocrx_word' id='word_1_138' title='bbox 717 2295 851 2343; x_wconf 87' lang='lat' dir='ltr'>agere</span> <span class='ocrx_word' id='word_1_139' title='bbox 877 2280 1052 2344; x_wconf 83' lang='lat' dir='ltr'>gratias.</span> 
     </span>
    </p>
   </div>
   <div class='ocr_carea' id='block_1_7' title="bbox 409 2377 1046 2414">
    <p class='ocr_par' dir='ltr' id='par_1_7' title="bbox 409 2377 1046 2414">
     <span class='ocr_line' id='line_1_27' title="bbox 409 2377 1046 2414; baseline 0.002 -4"><span class='ocrx_word' id='word_1_140' title='bbox 409 2377 1046 2414; x_wconf 81' lang='lat' dir='ltr'>PERIPHANES.</span> 
     </span>
    </p>
   </div>
   <div class='ocr_carea' id='block_1_8' title="bbox 98 2434 1370 2558">
    <p class='ocr_par' dir='ltr' id='par_1_8' title="bbox 98 2434 1370 2558">
     <span class='ocr_line' id='line_1_28' title="bbox 98 2434 1370 2500; baseline 0.002 -20"><span class='ocrx_word' id='word_1_141' title='bbox 98 2434 210 2481; x_wconf 91' lang='lat' dir='ltr'>Non</span> <span class='ocrx_word' id='word_1_142' title='bbox 239 2435 479 2497; x_wconf 82' lang='lat' dir='ltr'>reperisti,</span> <span class='ocrx_word' id='word_1_143' title='bbox 512 2438 778 2487; x_wconf 84' lang='lat' dir='ltr'>adulescens</span> <span class='ocrx_word' id='word_1_144' title='bbox 795 2475 809 2499; x_wconf 85' lang='lat'><strong>,</strong></span> <span class='ocrx_word' id='word_1_145' title='bbox 841 2440 1156 2500; x_wconf 86' lang='lat' dir='ltr'>tranquillum</span> <span class='ocrx_word' id='word_1_146' title='bbox 1178 2439 1370 2495; x_wconf 82' lang='lat' dir='ltr'>locum,·</span> 
     </span>
     <span class='ocr_line' id='line_1_29' title="bbox 1036 2509 1145 2558; baseline 0.037 -4"><span class='ocrx_word' id='word_1_147' title='bbox 1036 2509 1084 2554; x_wconf 91' lang='lat' dir='ltr'><strong>H</strong></span> <span class='ocrx_word' id='word_1_148' title='bbox 1121 2525 1145 2558; x_wconf 75' lang='lat'><strong>2</strong></span> 
     </span>
    </p>
   </div>
  </div>
 </body>
</html>
