1618 2866
246 162 340 225 488
473 155 1270 208 MOSTELLARIA.
1376 160 1536 220 v.136

538 273 1260 322 PHILOLACHRS.

1140 335 1322 399 Ornata
1338 353 1386 387 ,es
1415 338 1532 383 satis.

247 409 342 459 Abi
369 410 481 455 hinc
507 417 562 452 tu
591 408 717 453 intro
735 441 748 464 ‚
787 417 933 469 atque
954 420 1232 455 ornamenta
1260 410 1373 456 haec
1392 411 1535 466 aufer.

502 481 610 539 sed,
641 482 861 543 voluptas
886 499 1019 540 mea,
1061 523 1064 526 ,

248 554 357 602 Mea
387 547 758 610 Philematium,
794 566 961 616 potare
999 567 1160 602 tecum
1185 556 1542 602 conlibitum’st

503 624 636 670 mihi.
1430 623 1466 633 ’“
1528 631 1532 634 ’

536 718 1281 755 PHILEMATIUM.

250 782 394 830 Libet
423 791 471 826 et
505 779 679 841 edepol
704 781 823 826 mihi
852 792 1027 827 tecum.
1065 798 1176 828 nam
1202 782 1339 843 quod
1366 781 1456 829 tibi
1486 783 1543 829 li-

513 855 626 911 bet,
660 853 791 902 idern
829 856 950 902 mihi
979 856 1124 914 libet,

251 928 363 976 Mea
395 929 629 990 voluptas.
1144 988 1147 989 ⁷

479 1016 1262 1054 'PHILOLACHES.

445 1080 574 1140 Hem
591 1114 604 1138 ,
629 1080 748 1126 istuc
773 1081 980 1127 verbum
999 1080 1092 1126 vile
1109 1091 1179 1126 est
1199 1080 1370 1145 vig'mti
1386 1079 1540 1126 minis.

550 1179 1289 1226 PHILEM4T1UM.

258 1245 421 1303 Cedo,
461 1245 630 1290 amabo
651 1278 664 1301 ‚
707 1242 903 1288 decemz
941 1241 1071 1287 bene
1097 1252 1283 1288 emtum
1314 1241 1404 1288 tibi
1439 1240 1546 1287 dare

516 1318 609 1363 hoc
640 1317 845 1363 verbum
873 1316 1001 1361 volo.

553 1412 1267 1448 PHILOLACHES.

257 1478 414 1525 Etiam
447 1468 578 1523 nune
622 1474 790 1521 decem
832 1473 990 1519 minae
1029 1472 1158 1535 apud
1199 1485 1246 1519 te
1285 1485 1425 1520 sunt:
1468 1473 1548 1519 vel

491 1549 748 1596 'rationem
781 1557 933 1609 puta.-

259 1623 478 1689 Triginta
511 1622 662 1669 minas
690 1637 778 1684 pro
808 1619 959 1681 capite
990 1629 1078 1664 tuo
1110 1617 1238 1664 dedi.

548 1715 1289 1753 PHILEMATIUM.

1131 1776 1227 1822 Cur
1259 1770 1549 1833 exprobras?

565 1869 1278 1906 PHILOLACHES.
1520 1909 1532 1931 ι

263 1943 430 2008 Egone
452 1942 503 1987 id
537 1941 822 2003 exprobrem
837 1975 849 1997 ,
881 1941 964 2001 qui
991 1940 1208 1984 mihimet
1231 1937 1374 1998 cupio
1396 1936 1447 1981 id
1467 1953 1553 1998 op-

517 2013 810 2075 probrarier?

266 2088 368 2136 Nec
405 2087 675 2148 quidquam
709 2085 889 2150 argenti
919 2083 1072 2130 locavi
1096 2085 1198 2148 jam
1228 2083 1312 2129 diu
1345 2098 1550 2144 usquam

521 2178 673 2222 aeque
705 2160 842 2206 bene.
977 2158 983 2164 ’

559 2254 1290 2290 PHILEMATIUM.

268 2317 405 2365 Certe
427 2332 514 2383 ego
531 2351 545 2375 ,
576 2317 713 2378 quod
737 2328 785 2362 te
812 2333 920 2362 amo
938 2350 952 2373 ,
978 2331 1170 2376 operam
1199 2330 1435 2374 nusquam
1453 2326 1554 2358 me-

522 2390 612 2437 lius
646 2390 787 2452 potui
817 2406 1010 2451 ponere.
1408 2382 1412 2386 ‘
