1618 2866
251 165 351 217 ‘414
482 147 738 198 MILES
790 148 1284 202 GLORIOSUS.
1404 168 1541 214 Ἆγι·-

469 271 1337 310 ACROTELEUT1UM,

1168 337 1248 384 Tu
1279 354 1462 385 morare
1481 374 1496 397 ,

249 409 314 458 Ut
332 419 544 455 accurate
566 417 613 452 et
630 405 888 453 commode
902 441 917 464 ,
936 406 1029 454 hoc
1048 407 1187 468 quod
1202 409 1440 473 agendum
1454 412 1539 470 ‘'st,

499 499 828 544 exsequamur.

547 643 600 700 A
654 641 703 699 c
755 642 806 698 T
859 643 916 699 U
966 642 1003 699 s
1081 641 1105 697 1
1153 642 1224 714 v.

645 781 973 858 SCEVNA
1025 783 1079 829 [Ι.

242 924 1526 978 PYRGOPOLINICES,PALAESTRIO.

438 1055 1343 1090 PYRGOPOLINICES.

240 1109 519 1226 VOLUP
557 1185 622 1219 est
658 1172 795 1235 quod
829 1187 959 1237 agaS,
993 1173 1029 1219 si
1054 1172 1104 1218 id
1130 1172 1346 1234 procedit
1370 1174 1527 1237 lepide

495 1258 542 1292 et
572 1261 631 1291 ex
658 1256 902 1291 sententla.
1516 1273 1518 1275 ψ

239 1318 366 1366 Nam
399 1336 486 1383 ego
518 1319 662 1364 hodie
691 1319 751 1364 ad
778 1318 1034 1365 Seleucum
1061 1335 1223 1384 regem
1256 1320 1362 1366 misi
1394 1336 1528 1382 para-

503 1402 647 1438 Sltum
674 1407 868 1447 meum,

240 1465 307 1512 Ut
339 1466 567 1521 latrones,
602 1480 723 1525 quos
762 1461 1006 1520 conduxi,
1041 1462 1152 1509 hinc
1182 1463 1244 1510 ad
1272 1462 1529 1514 Seleucum

495 1537 687 1583 duceret
703 1571 718 1593 ‚

240 1612 346 1683 Qui
381 1612 478 1678 ejus
509 1627 712 1675 regnum
745 1619 1014 1656 tutarentur
1033 1642 1048 1665 ,
1081 1609 1202 1655 mihi
1236 1607 1356 1655 dum
1393 1609 1526 1657 fieret

495 1695 664 1729 otlum.

549 1770 577 1802 P
614 1770 649 1802 A
686 1769 716 1801 L
753 1768 788 1802 A
823 1768 853 1801 E
891 1768 915 1802 S
951 1769 982 1801 T
1019 1769 1053 1801 R
1088 1769 1109 1801 1
1147 1767 1196 1801 ο.

242 1832 378 1902 Quin
405 1842 461 1876 tu
493 1843 627 1876 tuam
653 1847 754 1875 rem
781 1846 890 1876 cura
911 1829 1071 1892 potius
1087 1864 1101 1886 ,
1136 1843 1283 1890 quam
1309 1825 1520 1877 Seleuci:

495 1920 618 1964 quae
649 1902 737 1948 tibi
760 1930 764 1932 -

240 1978 467 2026 Conditio
497 1994 622 2023 nova
652 1987 699 2022 et
717 1977 962 2023 luculenta
990 1975 1136 2022 fertur
1156 1992 1242 2038 per
1273 1993 1352 2022 me
1378 1977 1524 2024 inter-

491 2050 701 2111 preoem!

433 2133 1330 2168 PYRGOPOLINICES.

237 2198 397 2243 Immo
429 2195 581 2241 omnis
616 2211 684 2239 res
715 2194 989 2255 posteriores
1023 2211 1156 2254 pono
1180 2229 1193 2252 ,
1225 2206 1371 2256 atque
1403 2210 1518 2257 ope-

493 2285 592 2313 ram
623 2267 685 2312 do
721 2267 825 2312 tibi.
1413 2308 1419 2312 .

238 2341 481 2405 Loquere:
512 2357 641 2386 aures
670 2357 794 2386 meas
821 2339 1035 2402 profecto
1064 2339 1189 2389 dedo
1212 2341 1265 2390 in
1283 2340 1517 2389 ditionem

489 2425 634 2460 tuam.
