<?xml version="1.0" encoding="UTF-8"?>
<!DOCTYPE html PUBLIC "-//W3C//DTD XHTML 1.0 Transitional//EN"
    "http://www.w3.org/TR/xhtml1/DTD/xhtml1-transitional.dtd">
<html xmlns="http://www.w3.org/1999/xhtml" xml:lang="en" lang="en">
 <head>
  <title>
</title>
<meta http-equiv="Content-Type" content="text/html;charset=utf-8" />
  <meta name='ocr-system' content='tesseract 3.04.00' />
  <meta name='ocr-capabilities' content='ocr_page ocr_carea ocr_par ocr_line ocrx_word'/>
</head>
<body>
  <div class='ocr_page' id='page_1' title='image "./comoediaesuperst02plauuoft_0370.png"; bbox 0 0 1618 2866; ppageno 0'>
   <div class='ocr_carea' id='block_1_1' title="bbox 225 197 1514 267">
    <p class='ocr_par' dir='ltr' id='par_1_1' title="bbox 225 197 1514 267">
     <span class='ocr_line' id='line_1_1' title="bbox 225 197 1514 267; baseline 0.005 -20"><span class='ocrx_word' id='word_1_1' title='bbox 225 201 318 266; x_wconf 78' lang='lat'>362</span> <span class='ocrx_word' id='word_1_2' title='bbox 458 197 712 246; x_wconf 85' lang='lat' dir='ltr'>MILES</span> <span class='ocrx_word' id='word_1_3' title='bbox 759 199 1251 253; x_wconf 81' lang='lat' dir='ltr'>GLoRmsus.</span> <span class='ocrx_word' id='word_1_4' title='bbox 1380 209 1514 267; x_wconf 56' lang='grc' dir='ltr'>ιφ·</span> 
     </span>
    </p>
   </div>
   <div class='ocr_carea' id='block_1_2' title="bbox 222 318 1515 1619">
    <p class='ocr_par' dir='ltr' id='par_1_2' title="bbox 222 318 1515 1619">
     <span class='ocr_line' id='line_1_2' title="bbox 582 318 1161 357; baseline 0.009 -5"><span class='ocrx_word' id='word_1_5' title='bbox 582 318 604 352; x_wconf 92' lang='lat' dir='ltr'>S</span> <span class='ocrx_word' id='word_1_6' title='bbox 642 319 669 352; x_wconf 93' lang='lat' dir='ltr'>C</span> <span class='ocrx_word' id='word_1_7' title='bbox 705 319 736 352; x_wconf 82' lang='lat' dir='ltr'>E</span> <span class='ocrx_word' id='word_1_8' title='bbox 774 320 804 352; x_wconf 90' lang='lat' dir='ltr'>L</span> <span class='ocrx_word' id='word_1_9' title='bbox 840 319 870 352; x_wconf 95' lang='lat' dir='ltr'><strong>E</strong></span> <span class='ocrx_word' id='word_1_10' title='bbox 907 321 942 353; x_wconf 93' lang='lat' dir='ltr'>D</span> <span class='ocrx_word' id='word_1_11' title='bbox 978 322 1013 355; x_wconf 86' lang='lat' dir='ltr'>R</span> <span class='ocrx_word' id='word_1_12' title='bbox 1049 321 1161 357; x_wconf 69' lang='lat' dir='ltr'>Us-</span> 
     </span>
     <span class='ocr_line' id='line_1_3' title="bbox 222 380 660 448; baseline 0 -21"><span class='ocrx_word' id='word_1_13' title='bbox 222 380 363 448; x_wconf 66' lang='lat' dir='ltr'>Quid</span> <span class='ocrx_word' id='word_1_14' title='bbox 390 381 554 445; x_wconf 84' lang='lat' dir='ltr'>negoti</span> <span class='ocrx_word' id='word_1_15' title='bbox 571 381 660 427; x_wconf 69' lang='lat' dir='ltr'>’sti’</span> 
     </span>
     <span class='ocr_line' id='line_1_4' title="bbox 539 468 1191 505; baseline 0.005 -3"><span class='ocrx_word' id='word_1_16' title='bbox 539 468 1191 505; x_wconf 76' lang='lat' dir='ltr'>PALAESTR10.</span> 
     </span>
     <span class='ocr_line' id='line_1_5' title="bbox 524 528 1164 599; baseline 0.003 -23"><span class='ocrx_word' id='word_1_17' title='bbox 524 528 662 599; x_wconf 73' lang='lat' dir='ltr'>Quid</span> <span class='ocrx_word' id='word_1_18' title='bbox 693 530 857 595; x_wconf 82' lang='lat' dir='ltr'>negoti</span> <span class='ocrx_word' id='word_1_19' title='bbox 881 530 968 589; x_wconf 87' lang='lat' dir='ltr'>sit,</span> <span class='ocrx_word' id='word_1_20' title='bbox 997 533 1164 596; x_wconf 86' lang='lat' dir='ltr'>rogas?</span> 
     </span>
     <span class='ocr_line' id='line_1_6' title="bbox 582 624 1160 660; baseline 0.003 -2"><span class='ocrx_word' id='word_1_21' title='bbox 582 624 605 658; x_wconf 90' lang='lat' dir='ltr'>s</span> <span class='ocrx_word' id='word_1_22' title='bbox 641 627 667 659; x_wconf 90' lang='lat' dir='ltr'>c</span> <span class='ocrx_word' id='word_1_23' title='bbox 704 626 734 659; x_wconf 88' lang='grc' dir='ltr'><strong>Ε</strong></span> <span class='ocrx_word' id='word_1_24' title='bbox 770 626 800 659; x_wconf 89' lang='lat' dir='ltr'>L</span> <span class='ocrx_word' id='word_1_25' title='bbox 835 628 866 660; x_wconf 85' lang='lat' dir='ltr'><strong>E</strong></span> <span class='ocrx_word' id='word_1_26' title='bbox 903 628 938 659; x_wconf 89' lang='lat' dir='ltr'>D</span> <span class='ocrx_word' id='word_1_27' title='bbox 978 629 1011 660; x_wconf 93' lang='lat' dir='ltr'>R</span> <span class='ocrx_word' id='word_1_28' title='bbox 1048 628 1083 660; x_wconf 86' lang='lat' dir='ltr'><strong>U</strong></span> <span class='ocrx_word' id='word_1_29' title='bbox 1121 626 1160 660; x_wconf 90' lang='lat' dir='ltr'>s.</span> 
     </span>
     <span class='ocr_line' id='line_1_7' title="bbox 1056 686 1513 752; baseline 0 -19"><span class='ocrx_word' id='word_1_30' title='bbox 1056 688 1153 734; x_wconf 89' lang='lat' dir='ltr'>Cur</span> <span class='ocrx_word' id='word_1_31' title='bbox 1178 703 1282 734; x_wconf 88' lang='lat' dir='ltr'>non</span> <span class='ocrx_word' id='word_1_32' title='bbox 1308 703 1474 752; x_wconf 82' lang='lat' dir='ltr'>rogem</span> <span class='ocrx_word' id='word_1_33' title='bbox 1490 686 1513 733; x_wconf 85' lang='lat'>?</span> 
     </span>
     <span class='ocr_line' id='line_1_8' title="bbox 532 770 1185 807; baseline 0.008 -5"><span class='ocrx_word' id='word_1_34' title='bbox 532 770 561 802; x_wconf 99' lang='lat' dir='ltr'>P</span> <span class='ocrx_word' id='word_1_35' title='bbox 599 770 634 803; x_wconf 90' lang='lat' dir='ltr'>A</span> <span class='ocrx_word' id='word_1_36' title='bbox 670 771 701 804; x_wconf 91' lang='lat' dir='ltr'>L</span> <span class='ocrx_word' id='word_1_37' title='bbox 739 773 774 805; x_wconf 88' lang='lat' dir='ltr'>A</span> <span class='ocrx_word' id='word_1_38' title='bbox 810 772 840 805; x_wconf 83' lang='grc' dir='ltr'><em>Ε</em></span> <span class='ocrx_word' id='word_1_39' title='bbox 879 773 902 806; x_wconf 89' lang='lat' dir='ltr'>s</span> <span class='ocrx_word' id='word_1_40' title='bbox 940 773 971 805; x_wconf 88' lang='grc' dir='ltr'><strong>Τ</strong></span> <span class='ocrx_word' id='word_1_41' title='bbox 1007 774 1040 806; x_wconf 93' lang='grc' dir='ltr'><strong>Β</strong></span> <span class='ocrx_word' id='word_1_42' title='bbox 1075 775 1096 806; x_wconf 94' lang='lat'>1</span> <span class='ocrx_word' id='word_1_43' title='bbox 1136 775 1185 807; x_wconf 89' lang='grc' dir='ltr'>ο.</span> 
     </span>
     <span class='ocr_line' id='line_1_9' title="bbox 223 827 1514 898; baseline 0.002 -23"><span class='ocrx_word' id='word_1_44' title='bbox 223 827 401 876; x_wconf 88' lang='lat' dir='ltr'>Nonne</span> <span class='ocrx_word' id='word_1_45' title='bbox 438 829 528 876; x_wconf 89' lang='lat' dir='ltr'>tibi</span> <span class='ocrx_word' id='word_1_46' title='bbox 560 831 695 877; x_wconf 84' lang='lat' dir='ltr'>istam</span> <span class='ocrx_word' id='word_1_47' title='bbox 727 833 1047 893; x_wconf 81' lang='lat' dir='ltr'>praetruncari</span> <span class='ocrx_word' id='word_1_48' title='bbox 1074 833 1289 898; x_wconf 87' lang='lat' dir='ltr'>linguam</span> <span class='ocrx_word' id='word_1_49' title='bbox 1325 833 1514 898; x_wconf 77' lang='lat' dir='ltr'>largilo-</span> 
     </span>
     <span class='ocr_line' id='line_1_10' title="bbox 479 905 822 968; baseline 0.003 -19"><span class='ocrx_word' id='word_1_50' title='bbox 479 919 626 964; x_wconf 82' lang='lat' dir='ltr'>quam</span> <span class='ocrx_word' id='word_1_51' title='bbox 644 905 822 968; x_wconf 82' lang='lat' dir='ltr'>jubes?</span> 
     </span>
     <span class='ocr_line' id='line_1_11' title="bbox 585 990 1167 1026; baseline 0.003 -4"><span class='ocrx_word' id='word_1_52' title='bbox 585 990 608 1023; x_wconf 93' lang='lat' dir='ltr'>s</span> <span class='ocrx_word' id='word_1_53' title='bbox 647 990 674 1022; x_wconf 89' lang='lat' dir='ltr'>c</span> <span class='ocrx_word' id='word_1_54' title='bbox 710 991 740 1023; x_wconf 81' lang='grc' dir='ltr'><strong>Ε</strong></span> <span class='ocrx_word' id='word_1_55' title='bbox 776 991 806 1024; x_wconf 88' lang='lat' dir='ltr'>L</span> <span class='ocrx_word' id='word_1_56' title='bbox 841 990 871 1024; x_wconf 84' lang='grc' dir='ltr'>Ε</span> <span class='ocrx_word' id='word_1_57' title='bbox 908 993 945 1024; x_wconf 88' lang='lat' dir='ltr'>D</span> <span class='ocrx_word' id='word_1_58' title='bbox 982 993 1016 1026; x_wconf 84' lang='lat' dir='ltr'>R</span> <span class='ocrx_word' id='word_1_59' title='bbox 1052 991 1088 1024; x_wconf 85' lang='lat' dir='ltr'>U</span> <span class='ocrx_word' id='word_1_60' title='bbox 1127 990 1167 1026; x_wconf 89' lang='lat' dir='ltr'>s.</span> 
     </span>
     <span class='ocr_line' id='line_1_12' title="bbox 223 1047 821 1118; baseline 0.007 -24"><span class='ocrx_word' id='word_1_61' title='bbox 223 1047 564 1118; x_wconf 69' lang='lat' dir='ltr'>Quamobrem</span> <span class='ocrx_word' id='word_1_62' title='bbox 583 1051 821 1115; x_wconf 87' lang='lat' dir='ltr'>jubeam?</span> 
     </span>
     <span class='ocr_line' id='line_1_13' title="bbox 545 1135 1188 1171; baseline 0.006 -4"><span class='ocrx_word' id='word_1_63' title='bbox 545 1135 573 1168; x_wconf 95' lang='lat' dir='ltr'>P</span> <span class='ocrx_word' id='word_1_64' title='bbox 610 1136 644 1168; x_wconf 88' lang='lat' dir='ltr'>A</span> <span class='ocrx_word' id='word_1_65' title='bbox 679 1136 710 1168; x_wconf 94' lang='lat' dir='ltr'>L</span> <span class='ocrx_word' id='word_1_66' title='bbox 746 1137 781 1170; x_wconf 90' lang='lat' dir='ltr'><strong>A</strong></span> <span class='ocrx_word' id='word_1_67' title='bbox 816 1137 846 1170; x_wconf 81' lang='grc' dir='ltr'>Ε</span> <span class='ocrx_word' id='word_1_68' title='bbox 885 1136 907 1170; x_wconf 90' lang='lat' dir='ltr'>s</span> <span class='ocrx_word' id='word_1_69' title='bbox 945 1138 976 1171; x_wconf 85' lang='lat' dir='ltr'>T</span> <span class='ocrx_word' id='word_1_70' title='bbox 1014 1138 1047 1171; x_wconf 93' lang='lat' dir='ltr'>R</span> <span class='ocrx_word' id='word_1_71' title='bbox 1082 1138 1103 1171; x_wconf 91' lang='lat'>1</span> <span class='ocrx_word' id='word_1_72' title='bbox 1139 1136 1188 1170; x_wconf 89' lang='lat' dir='ltr'>o.</span> 
     </span>
     <span class='ocr_line' id='line_1_14' title="bbox 458 1195 1515 1257; baseline 0.002 -16"><span class='ocrx_word' id='word_1_73' title='bbox 458 1195 863 1244; x_wconf 87' lang='lat' dir='ltr'>Philocomasium</span> <span class='ocrx_word' id='word_1_74' title='bbox 892 1213 1052 1244; x_wconf 89' lang='lat' dir='ltr'>eccam</span> <span class='ocrx_word' id='word_1_75' title='bbox 1083 1196 1252 1254; x_wconf 88' lang='lat' dir='ltr'>domi,</span> <span class='ocrx_word' id='word_1_76' title='bbox 1285 1212 1432 1257; x_wconf 88' lang='lat' dir='ltr'>quam</span> <span class='ocrx_word' id='word_1_77' title='bbox 1464 1197 1515 1243; x_wconf 87' lang='lat' dir='ltr'>in</span> 
     </span>
     <span class='ocr_line' id='line_1_15' title="bbox 1209 1279 1503 1332; baseline 0.003 -16"><span class='ocrx_word' id='word_1_78' title='bbox 1209 1286 1451 1332; x_wconf 85' lang='lat' dir='ltr'>proxumo</span> <span class='ocrx_word' id='word_1_79' title='bbox 1500 1279 1503 1281; x_wconf 84' lang='grc'><strong>’</strong></span> 
     </span>
     <span class='ocr_line' id='line_1_16' title="bbox 225 1334 1515 1407; baseline 0.001 -18"><span class='ocrx_word' id='word_1_80' title='bbox 225 1340 409 1392; x_wconf 65' lang='grc' dir='ltr'>,νίᾱίεεε</span> <span class='ocrx_word' id='word_1_81' title='bbox 435 1343 559 1389; x_wconf 85' lang='lat' dir='ltr'>aibas</span> <span class='ocrx_word' id='word_1_82' title='bbox 586 1354 634 1389; x_wconf 92' lang='lat' dir='ltr'>te</span> <span class='ocrx_word' id='word_1_83' title='bbox 663 1345 958 1392; x_wconf 87' lang='lat' dir='ltr'>osculantem</span> <span class='ocrx_word' id='word_1_84' title='bbox 987 1355 1136 1407; x_wconf 91' lang='lat' dir='ltr'>atque</span> <span class='ocrx_word' id='word_1_85' title='bbox 1160 1334 1515 1407; x_wconf 81' lang='lat' dir='ltr'>amplexantem</span> 
     </span>
     <span class='ocr_line' id='line_1_17' title="bbox 481 1418 786 1463; baseline 0.003 -1"><span class='ocrx_word' id='word_1_86' title='bbox 481 1433 593 1462; x_wconf 90' lang='lat' dir='ltr'>cum</span> <span class='ocrx_word' id='word_1_87' title='bbox 623 1418 786 1463; x_wconf 78' lang='lat' dir='ltr'>altero,</span> 
     </span>
     <span class='ocr_line' id='line_1_18' title="bbox 588 1502 1170 1536; baseline 0 -1"><span class='ocrx_word' id='word_1_88' title='bbox 588 1502 610 1536; x_wconf 92' lang='lat' dir='ltr'>s</span> <span class='ocrx_word' id='word_1_89' title='bbox 648 1503 675 1535; x_wconf 88' lang='lat' dir='ltr'>c</span> <span class='ocrx_word' id='word_1_90' title='bbox 711 1503 741 1535; x_wconf 82' lang='grc' dir='ltr'><strong><em>Ε</em></strong></span> <span class='ocrx_word' id='word_1_91' title='bbox 776 1503 807 1535; x_wconf 93' lang='lat' dir='ltr'>L</span> <span class='ocrx_word' id='word_1_92' title='bbox 843 1503 873 1535; x_wconf 87' lang='grc' dir='ltr'>Ε</span> <span class='ocrx_word' id='word_1_93' title='bbox 911 1504 947 1535; x_wconf 89' lang='lat' dir='ltr'><strong>D</strong></span> <span class='ocrx_word' id='word_1_94' title='bbox 983 1503 1017 1535; x_wconf 89' lang='grc' dir='ltr'><strong>Β</strong></span> <span class='ocrx_word' id='word_1_95' title='bbox 1056 1502 1093 1535; x_wconf 84' lang='lat' dir='ltr'>U</span> <span class='ocrx_word' id='word_1_96' title='bbox 1133 1503 1170 1536; x_wconf 93' lang='lat' dir='ltr'>s.</span> 
     </span>
     <span class='ocr_line' id='line_1_19' title="bbox 227 1561 1416 1619; baseline -0.001 -11"><span class='ocrx_word' id='word_1_97' title='bbox 227 1561 408 1608; x_wconf 88' lang='lat' dir='ltr'>Mirum</span> <span class='ocrx_word' id='word_1_98' title='bbox 425 1562 479 1608; x_wconf 91' lang='lat' dir='ltr'>’st</span> <span class='ocrx_word' id='word_1_99' title='bbox 502 1562 618 1609; x_wconf 93' lang='lat' dir='ltr'>lolio</span> <span class='ocrx_word' id='word_1_100' title='bbox 649 1561 860 1610; x_wconf 88' lang='lat' dir='ltr'>victitare</span> <span class='ocrx_word' id='word_1_101' title='bbox 890 1571 969 1619; x_wconf 86' lang='lat' dir='ltr'>te,</span> <span class='ocrx_word' id='word_1_102' title='bbox 1002 1571 1103 1607; x_wconf 87' lang='lat' dir='ltr'>tam</span> <span class='ocrx_word' id='word_1_103' title='bbox 1131 1562 1215 1608; x_wconf 88' lang='lat' dir='ltr'>vili</span> <span class='ocrx_word' id='word_1_104' title='bbox 1247 1563 1416 1609; x_wconf 87' lang='lat' dir='ltr'>tritico.</span> 
     </span>
    </p>
   </div>
   <div class='ocr_carea' id='block_1_3' title="bbox 227 1653 1516 2142">
    <p class='ocr_par' dir='ltr' id='par_1_3' title="bbox 227 1653 1516 2142">
     <span class='ocr_line' id='line_1_20' title="bbox 531 1653 1177 1689; baseline -0.002 0"><span class='ocrx_word' id='word_1_105' title='bbox 531 1656 560 1689; x_wconf 89' lang='lat' dir='ltr'>P</span> <span class='ocrx_word' id='word_1_106' title='bbox 599 1655 634 1689; x_wconf 85' lang='lat' dir='ltr'>A</span> <span class='ocrx_word' id='word_1_107' title='bbox 668 1655 698 1688; x_wconf 88' lang='lat' dir='ltr'>L</span> <span class='ocrx_word' id='word_1_108' title='bbox 736 1654 771 1689; x_wconf 87' lang='lat' dir='ltr'>A</span> <span class='ocrx_word' id='word_1_109' title='bbox 805 1655 835 1687; x_wconf 85' lang='lat' dir='ltr'><strong>E</strong></span> <span class='ocrx_word' id='word_1_110' title='bbox 873 1653 896 1688; x_wconf 92' lang='lat' dir='ltr'>S</span> <span class='ocrx_word' id='word_1_111' title='bbox 933 1655 964 1687; x_wconf 89' lang='lat' dir='ltr'>T</span> <span class='ocrx_word' id='word_1_112' title='bbox 999 1656 1034 1688; x_wconf 89' lang='lat' dir='ltr'>R</span> <span class='ocrx_word' id='word_1_113' title='bbox 1068 1655 1090 1687; x_wconf 91' lang='lat' dir='ltr'>I</span> <span class='ocrx_word' id='word_1_114' title='bbox 1127 1655 1177 1688; x_wconf 88' lang='grc' dir='ltr'>Ο.</span> 
     </span>
     <span class='ocr_line' id='line_1_21' title="bbox 227 1715 522 1784; baseline 0.003 -23"><span class='ocrx_word' id='word_1_115' title='bbox 227 1715 366 1784; x_wconf 75' lang='lat' dir='ltr'>Quid</span> <span class='ocrx_word' id='word_1_116' title='bbox 385 1715 522 1780; x_wconf 82' lang='lat' dir='ltr'>jam?</span> 
     </span>
     <span class='ocr_line' id='line_1_22' title="bbox 588 1791 1171 1828; baseline -0.005 0"><span class='ocrx_word' id='word_1_117' title='bbox 588 1794 610 1828; x_wconf 89' lang='lat' dir='ltr'>s</span> <span class='ocrx_word' id='word_1_118' title='bbox 652 1795 679 1827; x_wconf 90' lang='lat' dir='ltr'>c</span> <span class='ocrx_word' id='word_1_119' title='bbox 716 1795 746 1827; x_wconf 85' lang='lat' dir='ltr'><strong>E</strong></span> <span class='ocrx_word' id='word_1_120' title='bbox 782 1794 812 1826; x_wconf 92' lang='lat' dir='ltr'>L</span> <span class='ocrx_word' id='word_1_121' title='bbox 849 1793 879 1825; x_wconf 83' lang='lat' dir='ltr'><strong>E</strong></span> <span class='ocrx_word' id='word_1_122' title='bbox 914 1793 951 1826; x_wconf 88' lang='lat' dir='ltr'>D</span> <span class='ocrx_word' id='word_1_123' title='bbox 987 1793 1021 1825; x_wconf 88' lang='lat' dir='ltr'>R</span> <span class='ocrx_word' id='word_1_124' title='bbox 1058 1792 1094 1824; x_wconf 85' lang='lat' dir='ltr'>U</span> <span class='ocrx_word' id='word_1_125' title='bbox 1133 1791 1171 1825; x_wconf 89' lang='lat' dir='ltr'>s.</span> 
     </span>
     <span class='ocr_line' id='line_1_23' title="bbox 389 1853 820 1922; baseline 0.002 -25"><span class='ocrx_word' id='word_1_126' title='bbox 389 1853 519 1922; x_wconf 73' lang='lat' dir='ltr'>Quia</span> <span class='ocrx_word' id='word_1_127' title='bbox 544 1853 820 1900; x_wconf 88' lang='lat' dir='ltr'>luscitiosus.</span> 
     </span>
     <span class='ocr_line' id='line_1_24' title="bbox 541 1946 1186 1981; baseline -0.005 0"><span class='ocrx_word' id='word_1_128' title='bbox 541 1949 570 1981; x_wconf 89' lang='lat' dir='ltr'>P</span> <span class='ocrx_word' id='word_1_129' title='bbox 606 1947 641 1980; x_wconf 94' lang='lat' dir='ltr'>A</span> <span class='ocrx_word' id='word_1_130' title='bbox 676 1949 705 1981; x_wconf 92' lang='lat' dir='ltr'>L</span> <span class='ocrx_word' id='word_1_131' title='bbox 743 1947 777 1980; x_wconf 92' lang='lat' dir='ltr'>A</span> <span class='ocrx_word' id='word_1_132' title='bbox 813 1947 843 1979; x_wconf 87' lang='lat' dir='ltr'>E</span> <span class='ocrx_word' id='word_1_133' title='bbox 882 1947 904 1981; x_wconf 94' lang='lat' dir='ltr'>S</span> <span class='ocrx_word' id='word_1_134' title='bbox 945 1947 976 1980; x_wconf 88' lang='lat' dir='ltr'>T</span> <span class='ocrx_word' id='word_1_135' title='bbox 1012 1948 1046 1980; x_wconf 85' lang='lat' dir='ltr'>R</span> <span class='ocrx_word' id='word_1_136' title='bbox 1079 1946 1099 1978; x_wconf 93' lang='grc' dir='ltr'>Ῑ</span> <span class='ocrx_word' id='word_1_137' title='bbox 1138 1946 1186 1979; x_wconf 88' lang='lat' dir='ltr'>O.</span> 
     </span>
     <span class='ocr_line' id='line_1_25' title="bbox 426 2004 1516 2068; baseline -0.006 -8"><span class='ocrx_word' id='word_1_138' title='bbox 426 2052 433 2060; x_wconf 89' lang='lat'>.</span> <span class='ocrx_word' id='word_1_139' title='bbox 638 2009 737 2056; x_wconf 90' lang='lat' dir='ltr'>Vae</span> <span class='ocrx_word' id='word_1_140' title='bbox 764 2008 988 2055; x_wconf 83' lang='lat' dir='ltr'>verbero!</span> <span class='ocrx_word' id='word_1_141' title='bbox 1023 2007 1198 2068; x_wconf 87' lang='lat' dir='ltr'>edepol</span> <span class='ocrx_word' id='word_1_142' title='bbox 1225 2017 1281 2052; x_wconf 92' lang='lat' dir='ltr'>tu</span> <span class='ocrx_word' id='word_1_143' title='bbox 1315 2004 1516 2067; x_wconf 87' lang='lat' dir='ltr'>quidem</span> 
     </span>
     <span class='ocr_line' id='line_1_26' title="bbox 229 2078 1516 2142; baseline -0.004 -13"><span class='ocrx_word' id='word_1_144' title='bbox 229 2083 433 2141; x_wconf 81' lang='lat' dir='ltr'>Caecus,</span> <span class='ocrx_word' id='word_1_145' title='bbox 461 2098 564 2128; x_wconf 87' lang='lat' dir='ltr'>non</span> <span class='ocrx_word' id='word_1_146' title='bbox 588 2082 865 2128; x_wconf 88' lang='lat' dir='ltr'>luscitiosus.</span> <span class='ocrx_word' id='word_1_147' title='bbox 900 2097 1014 2128; x_wconf 89' lang='lat' dir='ltr'>nam</span> <span class='ocrx_word' id='word_1_148' title='bbox 1044 2081 1174 2126; x_wconf 89' lang='lat' dir='ltr'>illam</span> <span class='ocrx_word' id='word_1_149' title='bbox 1203 2078 1404 2142; x_wconf 85' lang='lat' dir='ltr'>quidem</span> <span class='ocrx_word' id='word_1_150' title='bbox 1438 2093 1516 2124; x_wconf 86' lang='lat' dir='ltr'>ec·-</span> 
     </span>
    </p>
   </div>
   <div class='ocr_carea' id='block_1_4' title="bbox 153 2158 1184 2500">
    <p class='ocr_par' dir='ltr' id='par_1_4' title="bbox 153 2158 1184 2500">
     <span class='ocr_line' id='line_1_27' title="bbox 487 2158 764 2206; baseline -0.011 0"><span class='ocrx_word' id='word_1_151' title='bbox 487 2175 591 2206; x_wconf 89' lang='lat' dir='ltr'>cam</span> <span class='ocrx_word' id='word_1_152' title='bbox 617 2158 764 2204; x_wconf 88' lang='lat' dir='ltr'>dorni.</span> 
     </span>
     <span class='ocr_line' id='line_1_28' title="bbox 584 2239 1170 2278; baseline -0.009 0"><span class='ocrx_word' id='word_1_153' title='bbox 584 2244 607 2278; x_wconf 90' lang='lat' dir='ltr'>s</span> <span class='ocrx_word' id='word_1_154' title='bbox 647 2245 673 2277; x_wconf 89' lang='lat' dir='ltr'>c</span> <span class='ocrx_word' id='word_1_155' title='bbox 710 2243 741 2276; x_wconf 81' lang='grc' dir='ltr'>Ε</span> <span class='ocrx_word' id='word_1_156' title='bbox 777 2243 808 2276; x_wconf 88' lang='lat' dir='ltr'>L</span> <span class='ocrx_word' id='word_1_157' title='bbox 844 2243 874 2276; x_wconf 79' lang='grc' dir='ltr'><strong>Ε</strong></span> <span class='ocrx_word' id='word_1_158' title='bbox 910 2243 947 2275; x_wconf 87' lang='lat' dir='ltr'>D</span> <span class='ocrx_word' id='word_1_159' title='bbox 987 2242 1022 2275; x_wconf 88' lang='lat' dir='ltr'>R</span> <span class='ocrx_word' id='word_1_160' title='bbox 1058 2240 1093 2273; x_wconf 85' lang='lat' dir='ltr'>U</span> <span class='ocrx_word' id='word_1_161' title='bbox 1131 2239 1170 2274; x_wconf 91' lang='lat' dir='ltr'>s.</span> 
     </span>
     <span class='ocr_line' id='line_1_29' title="bbox 224 2304 598 2376; baseline -0.005 -24"><span class='ocrx_word' id='word_1_162' title='bbox 224 2304 395 2376; x_wconf 71' lang='lat' dir='ltr'>Quid?</span> <span class='ocrx_word' id='word_1_163' title='bbox 429 2305 598 2352; x_wconf 80' lang='lat' dir='ltr'>domi?</span> 
     </span>
     <span class='ocr_line' id='line_1_30' title="bbox 153 2387 1184 2424; baseline -0.004 1"><span class='ocrx_word' id='word_1_164' title='bbox 153 2400 158 2402; x_wconf 52' lang='lat'>&gt;</span> <span class='ocrx_word' id='word_1_165' title='bbox 541 2391 570 2424; x_wconf 91' lang='lat' dir='ltr'>P</span> <span class='ocrx_word' id='word_1_166' title='bbox 608 2389 643 2423; x_wconf 88' lang='lat' dir='ltr'>A</span> <span class='ocrx_word' id='word_1_167' title='bbox 678 2389 710 2423; x_wconf 94' lang='lat' dir='ltr'>L</span> <span class='ocrx_word' id='word_1_168' title='bbox 746 2388 779 2423; x_wconf 89' lang='lat' dir='ltr'>A</span> <span class='ocrx_word' id='word_1_169' title='bbox 813 2388 844 2421; x_wconf 83' lang='grc' dir='ltr'><strong>Ε</strong></span> <span class='ocrx_word' id='word_1_170' title='bbox 881 2387 904 2422; x_wconf 90' lang='lat' dir='ltr'>s</span> <span class='ocrx_word' id='word_1_171' title='bbox 942 2388 973 2421; x_wconf 83' lang='lat' dir='ltr'>T</span> <span class='ocrx_word' id='word_1_172' title='bbox 1010 2390 1043 2423; x_wconf 91' lang='lat' dir='ltr'>R</span> <span class='ocrx_word' id='word_1_173' title='bbox 1078 2388 1099 2422; x_wconf 91' lang='lat'>1</span> <span class='ocrx_word' id='word_1_174' title='bbox 1131 2389 1184 2422; x_wconf 88' lang='lat' dir='ltr'>o.</span> 
     </span>
     <span class='ocr_line' id='line_1_31' title="bbox 453 2449 940 2500; baseline -0.012 0"><span class='ocrx_word' id='word_1_175' title='bbox 453 2449 603 2500; x_wconf 88' lang='lat' dir='ltr'>Domi</span> <span class='ocrx_word' id='word_1_176' title='bbox 631 2450 786 2498; x_wconf 86' lang='lat' dir='ltr'>hercle</span> <span class='ocrx_word' id='word_1_177' title='bbox 811 2464 940 2497; x_wconf 87' lang='lat' dir='ltr'>vero.</span> 
     </span>
    </p>
   </div>
   <div class='ocr_carea' id='block_1_5' title="bbox 1583 1949 1618 2866">
    <p class='ocr_par' dir='ltr' id='par_1_5' title="bbox 1583 1949 1618 2866">
     <span class='ocr_line' id='line_1_32' title="bbox 1583 1949 1618 2866; baseline 0 0"><span class='ocrx_word' id='word_1_178' title='bbox 1583 1949 1618 2866; x_wconf 95' lang='lat' dir='ltr'> </span> 
     </span>
    </p>
   </div>
  </div>
 </body>
</html>
