1618 2866
49 190 227 236 ’,ηιμ
374 170 674 222 ACTUS
724 171 846 218 ΙΙΙ.
896 169 1007 219 SC.
1056 171 1156 219 IV.
1290 186 1387 235 1¹9

437 288 1075 326 PERIPRANES.

106 353 279 424 Quid?
304 368 407 400 non
434 352 577 399 est?‘
899 418 901 420 ι

582 431 891 470 MILES.

457 497 680 544 Nonest.

411 593 443 627 P
479 593 511 627 Ε
546 593 581 626 R
616 593 639 625 1
672 591 701 624 P
736 590 771 624 Η
806 590 840 624 Α
874 590 909 624 N
944 591 974 624 Ε
1010 590 1051 625 s.

307 676 316 682 -
601 650 744 698 Unde
765 650 880 696 haec
897 650 1039 715 igitur
1065 652 1284 715 gentium
1300 651 1388 701 'sti’

103 726 346 790 Equidem
362 727 518 773 hercle
540 735 791 790 argentum
813 740 904 786 pro
926 724 1014 771 hac
1035 723 1160 770 dedi.

586 825 634 859 M
664 827 700 859 1·
720 825 752 859 1,
786 825 818 858 E
857 825 895 859 s,

1036 884 1191 932 Stulte
1216 884 1386 934 datum

50 963 54 966 ⁴
105 961 256 1021 Reor,
275 973 422 1024 atque
447 972 699 1023 peccatum
725 959 924 1023 largiter.

402 1064 434 1096 P
468 1063 499 1095 E
534 1064 568 1097 R
602 1063 624 1095 1
658 1062 687 1095 P
722 1061 761 1094 Η
791 1061 829 1094 A
862 1062 897 1095 N
932 1062 963 1094 Ε
1000 1061 1039 1096 s.

889 1117 899 1119 W
919 1119 1092 1171 ‘Immo
1111 1125 1227 1171 haec
1244 1124 1384 1172 oe'st:

104 1195 230 1242 Nam
257 1212 443 1243 servom
469 1197 601 1254 misi,
625 1196 713 1258 qui
740 1197 903 1243 sectari
926 1198 1045 1244 solet
1074 1211 1244 1245 meum

108 1269 336 1316 Gnatum.
363 1269 462 1331 ipse
485 1271 607 1315 hanc
635 1269 752 1316 emit
777 1269 1034 1318 fidicinam.

585 1362 631 1396 M
662 1364 685 1396 1
721 1363 753 1396 1.
786 1363 819 1414 Ε
854 1363 895 1397 s.

651 1418 657 1423 ’
927 1422 1084 1471 Hem!
1117 1425 1218 1474 istic
1234 1426 1386 1472 homo

106 1491 404 1543 Articulatim
431 1507 481 1542 te
510 1497 745 1555 concidit,
770 1513 916 1544 senex
929 1532 944 1555 ‚
971 1509 1084 1545 tuus

105 1566 283 1616 Servos.

405 1655 435 1687 P
470 1656 501 1688 E
537 1658 571 1689 R
606 1656 628 1688 1
665 1657 695 1690 P
729 1656 765 1690 Η
802 1657 838 1690 A
873 1658 910 1692 N
946 1658 976 1692 Ε
1013 1657 1052 1692 S.

299 1714 471 1784 Quid?
497 1716 739 1763 concidit?

585 1814 631 1851 M
663 1819 684 1852 1
722 1819 753 1852 L
787 1819 819 1852 E
858 1818 900 1853 s.

748 1879 871 1925 Mihi
902 1878 967 1923 sic
995 1876 1195 1938 suspicio
1212 1875 1291 1922 ’st.

110 1941 234 1996 Nani
258 1966 346 2011 pro
374 1949 564 1996 fidicina
584 1951 754 1998 haecce
779 1950 1021 2013 supposita
1038 1950 1093 1995 ’st
1115 1949 1219 1994 tibi.

114 2020 296 2082 Senex,
322 2025 412 2071 tibi
439 2042 490 2072 os
523 2037 591 2071 est
616 2025 847 2073 sublitum
871 2027 1014 2088 plane
1043 2035 1092 2071 et
1118 2022 1288 2086 probe.

306 2156 310 2158 a
433 2122 463 2154 P
498 2122 529 2154 E
563 2125 598 2156 R
631 2123 653 2156 I
687 2124 717 2156 P
752 2123 787 2156 H
822 2122 858 2156 Α
890 2124 924 2156 N
961 2123 992 2155 E
1028 2122 1066 2156 S.

118 2187 220 2251 Ego
246 2189 374 2236 illam
398 2192 637 2252 requiram
656 2193 786 2257 jam,
817 2192 904 2239 ubi
932 2191 1019 2238 ubi
1051 2201 1132 2237 est.
1166 2191 1394 2246 bellator,

119 2331 273 2393 Euge!
295 2265 663 2397 frugiszlpidice,
682 2336 807 2400 frugi
824 2338 897 2383 es!
914 2336 1146 2400 pugnasti.
1164 2335 1314 2380 homo
1332 2350 1396 2391 εε,

122 2403 224 2472 Qui
252 2418 332 2450 me
359 2408 615 2454 emunxisti
646 2409 929 2467 mucidum,
958 2408 1149 2455 minimi
1174 2407 1310 2468 preti.

1095 2480 1146 2525 H
1178 2495 1206 2538 4
