1618 2866
185 185 346 266 ἰὼ
522 217 1260 270 MENAEGHMEL
1434 227 1528 273 we

249 324 351 392 Qui
376 323 514 369 illum
537 321 618 367 Dii
645 339 809 369 omnes
826 316 1080 386 perduint,
1103 328 1190 389 qui
1213 329 1393 391 primus
1410 347 1527 378 con-

500 406 692 440 mentus
731 407 799 441 est

248 468 573 524 Concionem,
610 468 697 514 hac
733 485 881 530 reque
915 470 1132 517 homines
1163 485 1419 536 occupatos
1446 492 1529 523 oc-
1591 514 1595 520 .

500 551 654 601 cupat.

242 614 358 661 Non
381 614 442 661 ad
469 630 573 659 eam
601 629 702 659 rem
730 615 903 660 otiosos
927 616 1142 662 homines
1167 616 1327 663 decuit
1354 617 1527 684 deligi?

243 688 347 759 Qui
379 687 466 733 nisi
505 686 643 732 assint
663 721 677 744 ,
716 703 829 732 cum
868 688 1104 746 citentur,
1143 704 1306 734 census
1338 690 1525 752 capiant

344 763 346 766 ’
489 760 629 805 illico.
691 781 701 784 ”

239 832 434 879 Affatim
462 843 529 877 est
562 830 848 888 hominum,
872 831 923 875 in
943 830 1039 877 dies
1065 832 1151 892 qui
1178 832 1379 896 singulas
1406 849 1527 882 escas

493 903 676 950 edunt.-

239 977 626 1049 Quibusmegoti
655 975 776 1020 nihil
812 975 923 1021 est:x
951 976 1037 1036 qui
1072 992 1206 1022 esum
1235 993 1400 1038 neque
1433 995 1543 1026 vo-.

445 1075 447 1077 >
491 1060 685 1106 cantur,
711 1064 872 1108 neque
901 1061 1087 1095 vocant.

236 1126 330 1173 Eos
367 1135 560 1187 oportet
597 1123 817 1169 concioni
860 1122 968 1167 dare
1017 1139 1210 1185 operam
1250 1135 1396 1186 atque
1437 1141 1521 1172 co-

493 1209 650 1243 mitus.

235 1274 285 1322 Si
316 1273 367 1319 id
395 1273 459 1318 ita
481 1282 595 1317 esset
611 1305 624 1328 ‚
658 1287 759 1316 non
777 1287 865 1334 ego
889 1270 1034 1316 hodie
1050 1269 1355 1333 perdidissem
1375 1285 1519 1333 pran-

490 1345 627 1389 dium
642 1377 656 1399 ,

236 1420 373 1491 Quoi
390 1430 487 1465 tam
512 1416 653 1463 credo
667 1414 841 1460 ‘datum
861 1416 1088 1475 voluisse,
1113 1434 1264 1479 quam
1278 1434 1358 1464 me
1374 1418 1517 1465 video

485 1503 658 1534 vlvere.

232 1566 351 1612 Ibo:
386 1563 650 1610 etiamnum
678 1558 981 1620 reliquiarum
1009 1575 1110 1620 spes
1139 1561 1354 1607 animum
1378 1561 1515 1607 oble-

486 1646 581 1682 ctat
606 1649 786 1678 meum.

231 1714 328 1762 Sed
353 1711 473 1774 quid
492 1726 580 1773 ego
609 1707 751 1754 video
771 1706 1173 1753 Menaechmum?
1202 1723 1313 1753 cum
1336 1723 1510 1754 corona

486 1782 583 1827 exit
610 1780 741 1824 foras.

228 1858 482 1907 Sublatum
502 1863 568 1898 est
587 1851 877 1899 convivium.
898 1850 1072 1912 edepol
1090 1850 1232 1899 venio
1253 1850 1507 1904 advorsum

479 1926 697 1988 tempori.
1542 1916 1547 1924 ”

590 2048 626 2094 S
676 2045 714 2092 C
753 2045 797 2093 E
837 2046 890 2092 N
927 2047 966 2092 A
1032 2047 1063 2092 Ι
1092 2048 1131 2093 Ι.

271 2151 762 2193 MENAECHMUS
795 2138 1003 2187 Sosicles,
1037 2150 1454 2188 PENICULUS.

519 2252 1188 2288 MENAECHMUS.

226 2306 364 2424 Po
380 2371 456 2418 Τι’
486 2387 549 2417 ne
579 2381 635 2416 ut
665 2371 871 2431 quiescas
894 2405 909 2428 ‚
934 2370 969 2416 si
989 2387 1075 2436 ego
1096 2372 1184 2419 tibi
1209 2373 1330 2420 hanc
1350 2371 1494 2419 hodie

474 2439 624 2506 probe
