1618 2866
229 190 321 239 ηε
617 149 1155 235 ΕΡΙΒΪευε.
1414 191 1515 239 v.6

617 311 645 343 P
682 309 716 343 Η
750 310 773 342 Ι
809 309 839 342 L
877 309 898 342 1
933 309 962 342 P
998 309 1026 342 P
1063 310 1120 350 A„

225 373 306 420 Tu
333 373 483 420 homo
510 369 696 418 insanis,

352 449 356 453 '
547 465 574 497 P
615 463 646 495 E
684 464 717 497 R
753 463 773 495 1
811 463 838 496 P
875 462 910 496 H
947 462 982 496 A
1019 463 1054 496 N
1090 463 1119 496 E
1157 463 1198 498 s.

549 522 756 586 Egone?
799 545 802 547 ·

618 617 647 649 P
685 617 719 649 Η
756 617 777 649 1
815 617 845 650 L
881 617 901 649 1
938 616 966 649 P
1003 616 1031 649 P
1067 615 1118 649 A.

671 678 817 724 Tute.

546 770 576 803 P
616 770 647 803 E
683 770 717 803 R
753 771 773 802 1
809 770 838 803 P
877 770 909 802 Η
946 770 982 803 A
1015 772 1049 804 N
1083 770 1114 804 Ε
1154 766 1192 804 s‘.

745 830 875 875 Cur?

586 933 596 943 ·
621 924 650 958 P
688 925 723 958 Η
757 925 779 957 1
816 926 846 958 L
883 925 903 957 1
940 926 968 957 P
1005 926 1033 958 P
1070 925 1119 958 A.

851 986 980 1056 Quia
1000 1003 1088 1051 ego
1107 987 1251 1044 hanc,
1271 1002 1396 1047 quae
1413 987 1522 1045 siet,
1562 983 1569 986 ’

232 1061 406 1124 Neque
433 1061 551 1117 scio,
581 1075 744 1120 neque
765 1059 907 1116 novi,
938 1075 1100 1120 neque
1118 1075 1207 1123 ego
1227 1060 1350 1107 hanc
1375 1061 1526 1107 oculis

494 1137 596 1184 vidi
617 1147 726 1182 ante
746 1137 877 1182 hunc
905 1135 1048 1181 diem.

539 1228 1182 1263 PERIPHANES.

236 1291 343 1338 Scio
363 1325 376 1348 ,
405 1289 527 1352 quid
558 1306 701 1345 erreS,
727 1288 840 1348 quia
868 1289 1096 1336 vestitum
1119 1301 1267 1352 atque
1301 1301 1526 1339 ornatum

334 1358 337 1363 ’
492 1362 776 1408 mutabilem
1381 1366 1390 1368 ”

237 1436 399 1483 Habet
429 1436 559 1481 haec.

625 1520 653 1552 P
694 1520 728 1552 H
764 1520 784 1553 1
820 1520 851 1553 L
888 1521 908 1553 1
946 1521 973 1554 P
1011 1521 1040 1554 P
1076 1520 1124 1554 A.

452 1589 602 1636 Aliter
620 1589 763 1635 catuli
780 1590 923 1654 longe
942 1591 1099 1648 olent,
1118 1590 1249 1637 alitet
1265 1607 1381 1638 sues·
1402 1607 1528 1656 nego

237 1664 356 1711 Eam
379 1680 458 1709 me
478 1664 661 1710 novisse
674 1697 688 1720 ‚
713 1679 836 1723 quae
855 1663 945 1709 sit„

547 1752 1201 1801 PERIPHAN'ES.

615 1836 706 1880 Pro
724 1834 887 1879 Deum
905 1846 1051 1895 atque
1070 1837 1330 1881 hominum
1355 1835 1528 1884 fidem!

241 1908 412 1980 Quid?
438 1925 525 1972 ego
544 1908 843 1954 lenocinium
862 1907 1011 1953 facio?
1031 1909 1118 1969 qui
1135 1908 1336 1965 habeam
1354 1909 1533 1957 alienos

501 1981 635 2026 domi
652 2016 666 2038 ‚

243 2054 408 2115 Atque
426 2067 676 2118 argentum
700 2054 963 2119 egurgitem
982 2054 1132 2101 domo
1154 2071 1386 2116 prorsum.
1410 2059 1542 2120 quid>

497 2141 551 2176 tu
566 2165 578 2186 ,
602 2147 724 2191 quae
746 2141 933 2191 patrem

241 2202 408 2250 Tuum
426 2220 562 2250 vocas
581 2221 659 2249 me
672 2238 685 2259 ‚
706 2196 852 2263 atque
870 2203 1109 2250 osculare?
1133 2205 1253 2266 quid
1271 2216 1357 2253 stas
1374 2206 1525 2268 stupi-

499 2277 592 2322 da?
625 2277 747 2337 quid
778 2277 934 2322 taces?

635 2372 663 2404 F
701 2372 721 2404 1
758 2371 792 2403 D
829 2371 849 2403 1
888 2371 913 2404 C
949 2370 969 2403 Ι
1006 2370 1039 2405 N
1075 2371 1125 2405 A.

252 2431 393 2501 Quid
409 2434 579 2494 loquar
598 2431 700 2480 vis?
