1618 2866
60 200 189 247 v-34
350 175 661 227 ACTUS
710 175 788 221 ΙΙ.
836 173 940 222 SC.
990 174 1070 221 ΙΙ.
1252 186 1346 236 351

62 284 449 342 Confidentiam‚
485 284 851 330 confirmitatem
867 317 881 341 ‚
905 282 1300 330 fraudulentiam:

64 362 172 432 Qui
201 371 364 425 arguet
395 376 471 417 se,
506 375 622 404 eum
655 369 820 404 contxa
852 357 1014 404 vincat
1038 356 1351 422 jutejutando

319 451 420 480 suo.

65 510 216 558 Domi
254 507 401 555 habet
447 507 664 552 animum
698 505 1035 568 falsiloquom‚
1074 505 1353 565 falsificum,

287 629 295 635 ,
331 583 634 647 falsijurium:

70 659 224 708 Domi
261 657 397 704 dolos
418 691 434 714 ‚
472 656 607 702 domi
641 654 886 702 delenifica
919 653 1038 701 facta
1052 687 1067 711 ‚
1104 653 1241 700 domi
1268 653 1359 700 fala

72 804 197 852 Nam
213 731 558 850 muh'lgrciaaiitofi
574 817 846 863 numquam
861 799 1117 862 supplicat,
1136 799 1173 844 si
1189 815 1286 860 qua
1298 799 1357 846 'st
1395 775 1402 782 .

328 878 462 922 mala.

76 949 226 999 Domi
242 949 388 996 habet
407 950 604 994 hortum
622 958 670 993 et
687 947 996 994 condimenta
1013 947 1074 994 ad
1090 948 1243 994 omnis
1258 964 1359 995 mo-

327 1038 399 1067 res
427 1019 676 1065 maleficos.
935 1039 961 1045 e

239 1104 1226 1140 PERIPLECTOMENES.

78 1167 182 1231 Ego
208 1166 375 1222 istaec,
402 1165 438 1209 si
464 1164 550 1209 erit
581 1164 657 1209 hic
673 1198 688 1221 ,
716 1165 966 1211 nuntiabo.
1003 1166 1086 1212 sed
1117 1166 1239 1227 quid
1265 1178 1358 1227 est,

332 1237 578 1283 Palaestrio
593 1271 608 1294 ,

81 1311 441 1383 Quod-volutas
468 1322 574 1356 tute
604 1321 767 1357 tecum
791 1310 843 1355 in
869 1310 1048 1356 corde?

408 1405 1047 1439 PALAESTRIO.

958 1467 1197 1530 Paulisper
1228 1480 1330 1517 tace
1345 1504 1360 1529 ,

82 1520 218 1587 Dum
244 1557 333 1605 ego
357 1541 476 1587 mihi
506 1542 696 1588 consilia
727 1542 779 1587 in
806 1543 1023 1588 animum
1048 1558 1294 1602 convocO,
1313 1556 1361 1590 et

336 1614 458 1661 dum
487 1617 684 1661 consulo
704 1650 719 1672 ,

89 1687 228 1758 Quid
251 1705 409 1752 agam;
430 1704 579 1749 quem
605 1688 775 1734 dolum
799 1687 966 1734 doloso
995 1699 1159 1735 contra
1180 1705 1363 1736 conser-

337 1778 401 1808 vo
431 1777 619 1822 parem,

0 1866 3 1889 Ι
90 1833 195 1902 Qui
215 1834 345 1879 illam
374 1834 451 1879 hic
474 1832 595 1878 vidit
617 1832 932 1879 osculantem:
962 1832 1015 1878 id
1042 1833 1199 1880 visum
1229 1843 1285 1878 ut
1303 1848 1367 1879 ne

340 1922 494 1951 Visum
517 1916 614 1950 siet.

251 1996 1229 2031 PERIPLEC'I'OMENES.

95 2056 295 2126 Quaere.
327 2075 415 2122 ego
446 2059 560 2104 hinc
584 2059 839 2105 abscessero
860 2059 941 2105 abs
967 2071 1015 2105 te
1042 2060 1137 2105 huc
1162 2060 1366 2105 interim.

347 2131 459 2177 illuc
492 2132 546 2176 sis
570 2132 708 2189 vide,

98 2193 529 2270 Quemadmodum
555 2205 760 2263 abstitit,
790 2223 945 2254 severa
962 2206 1119 2279 sugite
1143 2223 1273 2253 curas
1291 2223 1368 2253 co-

354 2275 514 2337 gitans.

100 2347 268 2394 Pectus
307 2346 459 2409 digitis
494 2351 650 2409 pultat
667 2384 683 2408 ‚
720 2367 801 2398 cor
839 2351 981 2398 credo
1021 2362 1298 2399 evocatuxus
1315 2348 1370 2396 'st

360 2420 490 2466 foras·
