1618 2866
294 131 389 194 462
530 129 790 184 MILES
833 130 1393 181 GLORIOSUS.'
1468 137 1594 184 v.26

494 254 1402 289 PYRGOPOLINICES.

292 326 378 374 Dii
410 324 499 372 tibi
540 324 839 371 benefaciant
874 341 1058 387 semper
1078 360 1092 383 ,
1141 342 1302 388 quom
1340 325 1593 374 advocatus

549 399 668 445 mihi
696 399 822 445 bene
851 416 909 445 es.
1308 415 1311 417 ·

784 499 810 531 C
847 498 881 530 A
917 499 950 532 R
987 498 1008 531 I
1047 499 1097 532 O.

294 560 419 625 Ergo
453 559 532 606 des
563 560 746 606 minam
776 562 878 607 auri
907 560 1061 607 nobis.

489 649 1399 707 PYRGOPOLINJCES.

914 721 1280 791 Quamobrem?

782 819 1098 853 CARIO.

1211 879 1355 927 Salvis
1383 882 1580 929 testibus

289 943 356 990 Ut
390 953 439 989 te
472 942 618 988 hodie
655 943 770 989 hinc
808 944 1078 991 amittamus
1114 945 1387 992 Venereum
1427 963 1580 1009 nepo-

545 1018 732 1062 tulum:

293 1091 443 1138 Aliter
468 1090 579 1136 hinc
603 1107 629 1135 a
655 1090 818 1136 nobis:
848 1106 911 1136 ne
938 1091 991 1136 sis
1020 1091 1196 1139 frustra.

491 1183 1396 1222 PYRGOPOLINICES.

1175 1247 1395 1294 Dabitur.

780 1335 807 1366 c
845 1332 879 1365 A
917 1333 951 1366 R
986 1333 1007 1365 1
1044 1333 1091 1367 o.
1608 1315 1618 1343 ⁴

1265 1386 1412 1450 Magis
1442 1386 1573 1447 sapis.

287 1462 364 1508 De
394 1460 581 1515 tunica,
617 1471 664 1503 et
682 1458 934 1520 chlamyde
951 1492 963 1514 ,
1000 1469 1047 1503 et
1072 1459 1338 1517 machaera,
1369 1475 1431 1505 ne
1451 1458 1572 1520 quid

542 1549 692 1594 speres
709 1567 722 1589 9
754 1548 856 1577 non
883 1532 1010 1577 feres.

287 1608 565 1662 Verberone
595 1605 735 1650 etiam
754 1639 767 1662 ‚
793 1616 1050 1665 antequam
1072 1605 1276 1652 amittis?

479 1699 1380 1735 PYRGOPOLINICES.

799 1768 928 1817 Mitis
957 1783 1061 1812 sum
1091 1769 1318 1829 equidem
1351 1768 1566 1816 fustibus.

279 1836 493 1882 Obsecro
523 1849 621 1877 vos.

441 1933 1422 1971 PERIPLECTOMENES.

634 1993 813 2040 Solvite
846 1994 1001 2038 istum.

473 2092 1367 2133 PYRGOPOJLINICES.

1030 2150 1237 2196 Gratiam
1268 2151 1421 2197 habeo
1455 2138 1556 2197 tibi.

441 2246 1426 2296 PERIPLECTOMENES„

203 2343 208 2348 ·
278 2314 326 2363 Si
357 2314 552 2377 posthac
595 2314 890 2374 prehendero
926 2331 1012 2381 ego
1049 2328 1096 2364 te
1129 2318 1241 2378 hic,
1277 2319 1444 2367 arcebo
1485 2330 1557 2366 te·-

529 2385 688 2433 stibus.
1575 2408 1598 2428 ⁸·
1612 2404 1618 2451 i
