1618 2866
231 184 326 243 964
563 179 1162 231 MERCATOR.
1386 199 1513 234 v.1o

231 289 335 336 Tris
365 287 512 334 hodie
544 288 647 342 lites
671 285 949 350 judicandas
977 285 1137 333 dicito.

229 363 284 421 Ι,
314 373 361 409 et
389 362 483 407 hoc
516 372 763 407 memento
799 359 966 405 dicere.

615 448 648 481 L
684 447 716 480 o
755 448 789 481 R
823 447 857 480 A
878 447 927 480 „R
963 445 983 477 1
1021 443 1056 476 U
1093 430 1151 477 sq

923 502 1184 565 Numquid
1213 503 1446 565 amplius?

551 601 583 634 L
620 600 654 633 Y
692 599 714 633 s
750 600 771 632 1
807 599 850 632 M
885 598 921 631 A
959 598 985 631 c
1024 598 1059 631 H
1097 598 1132 631 U
1169 597 1207 631 s.

232 656 448 703 Tantum
465 655 533 700 ’st.

649 731 684 763 D
724 730 753 762 Ε
790 728 833 761 Μ
868 729 889 761 1
927 729 955 762 Ρ
995 728 1029 761 Η
1067 728 1116 761 o.

493 792 771 855 Lysimache
791 823 804 847 ,
833 791 968 837 salve.

558 883 590 915 1.
626 883 661 916 Y
698 882 720 915 s
757 883 777 914 1
814 882 856 915 M
894 882 927 914 A
969 882 995 914 c
1034 882 1069 930 Η
1107 881 1141 914 U
1179 879 1219 913 s.

947 942 1106 1006 Euge!
1143 939 1420 1015 Demipho,

239 1017 389 1066 Salve.
428 1033 458 1062 0
490 1015 612 1077 quid
637 1015 761 1080 agis?
796 1013 917 1076 quid
945 1015 1034 1061 fit?

641 1111 678 1142 D
717 1110 748 1141 Ε
787 1109 830 1141 Μ
864 1109 885 1141 1
923 1108 952 1141 P
989 1108 1023 1140 Η
1059 1108 1107 1140 ο.

992 1165 1146 1236 Quod
1174 1165 1490 1211 miserrumus.

557 1258 587 1290 L
624 1257 658 1289 Y
697 1255 718 1289 s
756 1256 775 1288 1
811 1255 854 1288 M
890 1253 924 1287 A
962 1254 989 1286 c
1025 1254 1059 1286 Η
1097 1252 1131 1285 U
1169 1251 1207 1285 s.

243 1319 325 1367 Dii
348 1320 516 1365 melius
547 1319 718 1364 faxint!

647 1412 683 1444 D
721 1409 750 1441 E
787 1408 829 1440 Μ
865 1409 885 1440 1
923 1408 951 1440 Ρ
988 1406 1022 1438 Η
1059 1406 1107 1438 ο.

658 1471 741 1517 Dii
770 1470 863 1515 hoc
897 1468 1098 1530 quidem
1126 1466 1326 1511 faciunt.

558 1567 590 1600 L
628 1566 662 1599 Y
700 1565 721 1599 S
757 1567 776 1599 1
811 1565 853 1598 M
891 1563 927 1597 A
965 1564 993 1596 C
1031 1562 1065 1595 H
1101 1561 1136 1593 U
1174 1559 1211 1594 S.

1255 1617 1395 1687 Quid
1426 1617 1533 1664 est?

653 1707 689 1739 D
725 1705 755 1738 E
797 1705 840 1737 Μ
876 1703 898 1735 1
933 1702 962 1734 P
1001 1700 1035 1733 Η
1074 1699 1125 1733 ο.

247 1769 443 1825 Dicam,
476 1767 511 1811 si
541 1765 731 1811 videam
761 1762 850 1808 tibi
873 1777 966 1806 esse
1001 1775 1194 1819 operam
1217 1765 1302 1803 aut
1327 1755 1497 1802 otium.

555 1858 585 1890 L
626 1858 656 1889 Y
698 1855 720 1888 s
758 1856 777 1887 1
817 1855 857 1886 M
896 1853 929 1885 A
971 1852 997 1883 c
1037 1851 1070 1882 H
1107 1849 1142 1882 U
1180 1849 1218 1882 s.

248 1922 563 1991 Quamquam
580 1916 829 1980 negotium
849 1915 929 1969 ’,st
947 1912 983 1957 si
1006 1910 1128 1972 quid
1146 1907 1530 1990 vis3Demipho,

250 1994 365 2042 Non
405 2009 513 2039 sum
562 2001 820 2050 occupatus
862 2001 1099 2046 umquam
1141 1981 1295 2029 amico
1340 1994 1535 2041 operam
1574 2037 1577 2039 -

508 2063 630 2109 daxe.

660 2139 1124 2180 DEMIPHO.

250 2211 599 2276 Benignitatem
628 2218 762 2253 tuam
790 2203 910 2250 mihi
941 2210 1137 2261 experto
1173 2197 1422 2260 praedicas.

252 2286 356 2356 Qui
380 2284 469 2331 tibi
506 2299 594 2347 ego
627 2280 786 2327 aetatis
814 2275 1013 2323 videor?

554 2367 587 2402 L
625 2366 656 2399 Y
693 2365 716 2399 S
753 2364 775 2397 I
810 2362 855 2398 M
889 2362 924 2396 A
962 2361 989 2393 C
1027 2359 1060 2393 H
1099 2359 1134 2391 U
1173 2358 1210 2392 S.

1024 2418 1396 2473 Acherunticus,
