1618 2866
189 188 287 236 474
417 172 1207 227 MOSTELLARIA.
1339 198 1474 245 v.19

187 297 356 343 Factae
385 295 567 356 probe,
596 296 875 342 examussim
894 331 908 354 ‚

186 369 407 415 Laudant
437 367 651 426 fabrum,
689 381 834 431 atque
859 372 983 418 aedis
1010 374 1228 434 probant.
1282 390 1285 396 ’

186 441 308 488 Inde
342 442 619 502 exemplum
645 454 879 503 expetunt
907 443 993 490 sibi
1029 445 1233 507 quisque
1258 447 1436 508 simile,
1463 460 1466 461 ’

167 509 285 561 'Suo
317 531 468 575 usque
500 527 686 562 sumtu:
726 534 896 579 operae
931 535 992 565 ne
1021 531 1223 581 parcunt
1246 538 1368 568 suae.

185 586 349 648 Atque
382 587 467 633 ubi
501 589 582 635 illo
615 590 835 654 inmigrat
874 608 1086 653 nequam
1126 595 1275 644 homo
1306 596 1471 642 indili-

444 678 655 725 gensque
1192 682 1196 685 ·

186 732 312 778 Cum
343 735 472 798 pigra
502 734 676 781 familia
695 771 708 792 ,
743 736 1006 783 inmundus
1025 772 1039 794 ,
1074 739 1369 799 instrenuus,

185 805 278 851 Hic
300 807 401 869 jam
430 807 624 852 aedibus
652 808 824 858 vitium
857 809 1079 867 additur,

184 876 346 923 Bonae
373 895 526 938 quom
554 892 777 926 curantur
809 883 945 927 male.

187 951 353 1012 Atque
385 953 507 998 illud
537 970 671 1015 saepe
706 955 787 1011 fit,
818 950 1071 1017 tempestas
1095 957 1255 1015 venit,

185 1024 454 1090 Confringit
483 1029 660 1090 tegulas
679 1062 693 1084 ,
723 1028 1066 1090 imbricesque:
1099 1030 1170 1075 ibi

184 1094 423 1143 Dominus
453 1097 702 1162 indiligens
738 1100 934 1147 reddere
967 1102 1073 1147 alias
1107 1103 1286 1149 nevolt.

184 1165 332 1213 Venit
357 1168 540 1226 imber,
571 1171 684 1216 lavit
713 1173 940 1233 parietes,
968 1175 1232 1235 perpluunt

186 1237 339 1302 Tigna
359 1274 372 1296 ,
407 1243 658 1301 putrefacit
698 1253 771 1290 ae'r
802 1263 995 1306 operam
1021 1245 1164 1291 fabri:

183 1309 400 1371 Nequior
435 1314 581 1360 factus
604 1317 706 1378 jam
734 1329 800 1362 est
830 1335 938 1363 usus
973 1318 1190 1365 aedium:

182 1383 348 1445 Atque
371 1387 509 1432 'haud
535 1400 603 1434 est
637 1388 754 1435 fabri
782 1392 934 1451 culpa.
966 1391 1047 1436 sed
1073 1407 1243 1454 magna
1275 1408 1376 1452 pars

184 1457 371 1504 Moram
407 1461 528 1506 hanc
562 1461 857 1508 induxerunt
877 1498 890 1520 ,
926 1463 960 1508 si
995 1462 1115 1523 quid
1144 1479 1348 1508 nummo
1382 1480 1473 1509 sar-

439 1533 519 1579 ciri
549 1546 733 1596 potest,

185 1602 349 1664 Usque
374 1618 618 1653 maritant:
653 1624 814 1668 neque
845 1607 897 1653 id
929 1606 1132 1664 faciunt,
1172 1606 1401 1653 donicum

183 1676 383 1723 Parietes
415 1693 578 1726 ruunt.
611 1681 915 1726 aedificantur
942 1681 1076 1726 aedes
1098 1691 1226 1726 totae
1253 1680 1431 1726 denuo.

185 1748 315 1795 Haec
348 1766 624 1815 argumenta
655 1771 743 1818 ego
772 1755 988 1800 aedificiis
1019 1755 1130 1799 dixi.
1163 1769 1295 1799 nunc
1324 1755 1465 1800 etiam

438 1828 551 1872 volo

184 1896 386 1957 Dicere,
424 1912 479 1946 ut
514 1901 733 1947 homines
766 1900 958 1947 aedium
994 1916 1086 1945 esse
1131 1899 1300 1946 similes
1343 1900 1468 1946 arbi-

437 1975 641 2022 tremini.

183 2031 396 2091 Primum
431 2046 550 2094 dum
575 2056 788 2109 parentes
815 2046 933 2092 fabri
959 2046 1163 2091 liberum
1193 2057 1332 2102 sunt,

184 2114 245 2160 Et
272 2116 642 2166 fundamentum
672 2119 932 2165 liberorum
960 2119 1268 2175 substruunt,

185 2187 467 2249 Extollunt,
495 2202 661 2252 parant
692 2191 855 2236 sedulo
891 2190 941 2235 in
971 2190 1243 2236 firmitatem
1263 2224 1277 2247 ,

184 2261 250 2309 Ut
279 2274 327 2309 et
351 2263 402 2309 in
431 2281 572 2310 usum
599 2264 750 2321 boni,
789 2275 836 2309 et
870 2263 919 2308 in
945 2253 1147 2323 speciem
1184 2263 1376 2325 populo
1434 2274 1440 2279 ’

186 2343 316 2390 Sint:
345 2344 531 2405 sibique
559 2355 641 2389 aut
673 2344 891 2389 materiae
930 2358 991 2387 ne
1027 2353 1242 2402 parcunt.

184 2415 285 2462 Nec
325 2427 508 2463 sumtus
543 2416 631 2463 sibi
660 2415 838 2464 sumtui
869 2431 961 2461 esse
995 2414 1211 2461 ducunt:
