1618 2866
213 144 347 240 ’θέο
485 176 739 226 MILES
783 177 1284 228 GLoiuosus.
1401 192 1530 229 mo·

246 284 516 335 Tractatam
540 297 587 333 et
611 286 925 344 ludificatam,
957 286 1215 352 ingenuam
1231 299 1279 335 et
1298 289 1529 336 liberam?

603 380 625 412 s
662 381 688 413 c
724 381 754 413 Ε
793 382 823 414 L
858 381 888 413 Ε
924 381 960 413 D
995 381 1029 414 R
1067 375 1102 412 U
1138 380 1178 414 s.

239 435 366 502 ferii
389 437 567 484 hercle!
596 439 672 486 hic
690 441 751 486 ad
767 457 846 486 me
868 451 994 486 recta
1017 440 1161 487 habet
1185 451 1359 488 rectam
1378 443 1527 488 viam.

237 509 444 569 Metuo,
477 513 607 559 illaec
636 515 755 559 mihi
780 530 850 561 res
881 531 944 560 ne
966 531 1143 579 magno
1162 515 1294 562 malo
1322 514 1448 573 fuat,

245 583 503 651 Quantum
532 587 662 633 hunc
694 587 856 633 audivi
887 587 1037 634 facere
1064 588 1323 634 verborum
1351 603 1527 635 senem.

410 681 1397 720 PERIPLECTOMENES.

243 737 481 787 Accedam
502 744 563 788 ad
592 745 854 790 hominem.
879 745 1010 802 tun'‚
1035 743 1280 801 Sceledre,
1312 741 1417 800 hic,
1437 757 1531 788 sce-

498 818 651 863 lerum
680 830 822 880 caput
841 853 854 875 ‚

242 886 403 935 Meam
439 891 689 937 ludificasti
722 892 959 954 hospitam
992 901 1101 938 ante
1129 889 1254 936 aedis
1284 887 1472 934 modo?

604 986 626 1020 S
666 986 692 1019 C
730 986 761 1018 E
799 986 829 1019 L
865 986 896 1019 E
933 985 968 1018 D
1008 985 1043 1018 R
1079 983 1114 1016 U
1152 982 1190 1016 S·

242 1040 444 1100 Vicine,
480 1046 690 1092 ausculta
721 1062 912 1106 quaeso.

405 1127 1395 1167 PERIPLECTOMENES.

900 1193 1044 1258 Ego
1079 1191 1344 1239 ausc'ultem
1369 1187 1488 1235 tibi.
1476 1188 1499 1222 :³

607 1280 629 1313 S
670 1281 696 1312 C
735 1281 765 1313 E
803 1281 834 1313 L
869 1279 899 1314 E
936 1279 971 1311 D
1008 1279 1042 1312 R
1078 1277 1115 1310 U
1151 1275 1189 1310 S·

245 1335 517 1400 Expurgate
546 1340 660 1384 volo
696 1356 790 1386 me.
1052 1376 1055 1383 .
1101 1359 1103 1361 ’

409 1419 1386 1458 ΡΕΒΙΡιΕΟΤοΜΕΝΕε.

825 1484 952 1530 Tun’
974 1493 1023 1530 te
1046 1497 1275 1545 expurges
1299 1479 1451 1535 mihi,

253 1554 356 1621 Qui
389 1545 565 1600 facinus
597 1566 788 1602 tantum
817 1567 1017 1617 tamque
1049 1552 1304 1616 indignum
1337 1548 1528 1597 feceris?

248 1626 345 1670 An
361 1626 473 1685 quia
507 1627 851 1673 latrocinamini
865 1661 879 1683 ‚
914 1623 1206 1672 arbitramini

248 1698 453 1765 Quidvis
481 1700 619 1744 licere
650 1698 798 1746 facere
832 1699 994 1756 vobiS‚
1022 1694 1256 1743 verbero?

605 1783 1180 1821 SCELEDRUS.

242 1835 478 1883 Licetne?

396 1917 1397 1956 PERIPLECTOMENES.

438 1985 504 2030 At
530 1985 593 2030 ita
622 2001 700 2030 me
735 1984 816 2029 Dii
849 1983 1079 2042 Deaeque
1114 1994 1278 2025 omnes
1306 1985 1498 2032 ament,

248 2059 352 2107 Nisi
385 2059 453 2105 mi
479 2058 769 2120 supplicium
800 2057 1017 2120 virgeum
1042 2053 1101 2099 de
1131 2064 1179 2098 te
1214 2051 1352 2096 datur

250 2131 475 2194 Longum
510 2131 852 2190 diutinumque
883 2146 909 2174 a
937 2143 1077 2173 mane
1104 2125 1164 2171 ad
1193 2139 1472 2184 vesperum,

252 2203 406 2272 Quod
433 2220 557 2249 meas
590 2202 856 2266 confregisti
889 2200 1105 2247 imbrices
1133 2211 1180 2245 et
1214 2197 1422 2261 tegulaS,

250 2276 328 2322 Ibi
362 2276 479 2322 dum
515 2276 801 2341 condignam
827 2287 875 2323 te
911 2286 1089 2322 sectatu
1103 2275 1136 2319 ’s
1168 2273 1379 2328 simiam,
1413 2312 1418 2317 .
1455 2329 1458 2331 ι

245 2348 503 2419 Quodque
523 2349 635 2395 inde
660 2348 975 2413 inspectavisti
1003 2362 1169 2394 meum
1193 2343 1325 2406 apud
1342 2357 1424 2390 me
1445 2341 1534 2390 ho·

501 2422 673 2488 spitem
