1618 2866
0 2420 21 2548 k.

61 180 191 232 v.66
300 171 620 237 XACTUS
669 171 749 217 11.
797 169 900 217 SC.
947 168 1049 217 VI·
1240 175 1337 232 371

65 288 233 358 Quam
255 293 312 332 ut
335 283 566 346 perirem,
597 281 633 326 si
655 280 844 326 locutus
871 275 1063 323 fuissem
1085 272 1201 320 hero
1216 271 1265 318 ἓ·

388 396 418 428 Ρ
454 394 488 426 A
522 391 554 425 1.
589 390 625 424 A
659 390 690 423 Ε
726 389 750 423 s
786 388 819 420 ‘r
853 388 887 422 R
919 387 943 420 1
977 386 1025 419 o.

981 446 1106 511 Ergo
1131 444 1169 490 si
1189 444 1339 505 sapisg

67 530 346 579 MussitabiS.
374 530 483 590 plus
503 536 694 589 oportet
712 525 824 571 sci1e
845 537 1032 569 servom
1048 554 1063 579 ‚
1093 534 1243 580 quam
1265 518 1340 563 lo-

285 620 292 626 ·
316 601 415 663 qui.

65 676 168 741 Ego
191 675 311 722 abeo
348 690 374 719 a
406 684 484 731 te,
518 687 580 718 ne
611 671 733 734 quid
764 682 927 717 tecum
957 664 1124 714 consili
1152 665 1340 712 comni<

197 740 203 741 7
314 761 496 792 sceam:

63 819 226 882 Atque
260 818 391 881 apud
425 819 556 865 hunc
594 818 823 864 vicinum.
868 828 979 863 tuae
1017 815 1139 862 mihi
1169 815 1338 861 turbae

312 907 415 938 non
443 893 648 953 placent.

62 964 219 1011 Herus
255 965 294 1010 si
324 964 486 1010 veniet
503 998 518 1021 ‚
547 964 584 1009 si
615 981 694 1010 me
725 963 939 1025 quaerit,
979 961 1057 1008 hic
1088 978 1192 1010 ero:
1225 961 1341 1007 hinc

317 1054 397 1084 me
430 1037 656 1084 arcessito.
934 1043 951 1047 “

320 1222 324 1223 ⁷
402 1197 439 1243 S
493 1195 534 1242 C
580 1195 626 1241 E
672 1195 727 1242 N
762 1195 803 1240 A
897 1194 999 1240 VI.

99 1339 535 1379 SCELEDRU5,
594 1336 1306 1375 PERIPLECTOMENES.

419 1473 999 1510 SCELBDRUS.

63 1535 315 1647 SATIN‘
347 1599 463 1645 abiit
494 1599 601 1656 ille,
628 1615 790 1660 neque
818 1599 965 1644 herile
995 1599 1246 1663 negotium

65 1670 177 1717 Plus
199 1682 358 1728 curat,
394 1687 542 1732 quam
565 1670 603 1715 si
627 1686 729 1715 non
755 1669 978 1716 servitute
1001 1670 1200 1718 serviat?

68 1743 210 1789 Certo
230 1742 431 1804 quidem
457 1743 536 1788 illa
561 1742 677 1789 haec
693 1754 850 1789 nostra
866 1743 974 1790 intu
986 1745 1040 1790 ’st
1065 1744 1116 1789 in
1133 1743 1342 1790 aedibus.

68 1814 192 1861 Nam
218 1832 306 1880 ego
334 1826 382 1860 et
404 1815 662 1860 cubantem
685 1832 790 1861 eam
815 1816 965 1862 modo
985 1817 1165 1863 offendi
1190 1817 1340 1864 domi.

68 1885 263 1934 Certum
289 1888 344 1933 ’st
363 1903 496 1933 nunc
521 1887 838 1935 observationi
863 1905 1056 1950 operam
1086 1890 1210 1936 dare.

228 1988 1206 2024 PERIPLECTOMENES.

66 2053 181 2100 Non
207 2055 361 2102 hercle
390 2055 514 2102 hisce
548 2056 765 2102 homines
799 2072 878 2102 me
907 2072 1090 2103 marem
1107 2089 1122 2113 ‚
1156 2054 1239 2101 sed
1268 2053 1337 2100 fea

318 2128 498 2176 minam
516 2163 531 2187 ‚

74 2199 231 2245 Vicini
262 2212 424 2247 rentur
451 2219 545 2248 esse
570 2203 688 2248 servi
720 2202 907 2248 Militis:

70 2274 143 2319 Ita
170 2290 250 2319 me
277 2273 534 2321 ludificant.
563 2292 784 2322 meamne
805 2277 883 2321 hic
908 2276 959 2321 in
982 2276 1057 2321 via
1079 2275 1340 2336 hospitam,

25 2348 27 2350 ’
66 2346 211 2416 Quae
251 2346 351 2391 heri
388 2346 485 2392 huc
524 2346 721 2394 Athenis
764 2365 878 2396 cum
918 2347 1104 2409 hospite
1149 2344 1341 2392 advenit

322 2433 432 2463 meo
452 2451 466 2475 ,
