1618 2866
57 228 213 276 vsu!
363 210 637 259 ACTUS
689 209 807 256 111.
862 208 964 277 S‘C.
1020 210 1057 255 1.
1244 216 1347 270 519

352 329 1126 365 THEUROPIDES.⁴

61 405 216 467 Cupio
238 405 393 450 hercle
412 403 635 463 inspicere
655 401 733 446 has
755 400 891 446 aedis·
920 398 1176 461 pultadum
1194 398 1324 445 foris:

59 478 221 540 Atque
256 487 451 523 evocato
478 476 686 536 aliquem
716 474 842 519 intus
864 473 925 518 ad
951 484 1025 529 te,
1059 471 1252 517 Tranio.

515 579 894 613 TRANIO.

62 652 185 699 Ecce
203 636 362 698 autem
386 651 558 696 iterum
579 665 708 696 nunc
726 649 848 710 quid
871 666 958 714 ego
981 648 1134 694 dicam
1154 649 1311 694 nescio
1325 680 1342 706 ,

64 727 246 773 Iterum
268 725 368 788 jam
397 722 457 768 ad
483 739 638 768 unum
665 739 829 768 saxum
859 739 938 768 me
966 721 1138 766 fluctus
1167 719 1339 766 ferunt.

61 797 199 867 Quid
218 811 373 842 nunc.
363 795 385 829 Ρ
415 810 516 840 non
543 795 722 852 hercle,
752 794 872 857 quid
895 808 1025 840 nunc
1047 792 1243 851 faciam,
1273 809 1343 838 re-

312 884 473 930 peno:

18 932 20 934 ’
62 939 311 986 Manifesto
346 951 526 985 teneor.

354 1037 1068 1072 THEUROPIDES.

526 1104 804 1152 Evocadum
829 1105 1038 1166 aliquem
1065 1105 1207 1153 foras:

65 1178 221 1243 Roga,
251 1178 584 1225 circumducat.
1172 1186 1194 1195 ⁴·

518 1272 549 1304 ‘r
586 1273 619 1306 R
654 1272 689 1305 A
726 1274 758 1306 Ν
797 1274 816 1306 1
858 1274 907 1306 o.

85 1397 92 1403 ·
275 1357 362 1385 *xa
525 1340 657 1386 Heus
685 1351 751 1386 tu.
783 1353 830 1388 at
854 1341 930 1387 hic
964 1354 1074 1388 sunt
1098 1343 1341 1390 mulieres:

68 1410 347 1458 Videndum
366 1413 420 1458 ’st
449 1412 686 1474 primum,
718 1424 883 1459 utrum
904 1431 984 1461 eae
1012 1416 1253 1474 velintne,
1279 1432 1339 1461 an

315 1501 416 1531 non
442 1485 604 1531 velint.

356 1575 1062 1619 THEURoPIDEs.

67 1647 258 1694 Bonum
288 1665 595 1710 aequomque
626 1666 737 1695 oras.
768 1645 1044 1711 percontare
1076 1661 1123 1696 et
1152 1668 1274 1716 roga.

68 1720 168 1787 Ego
201 1723 279 1769 hic
308 1723 532 1784 tantisper
553 1758 566 1779 ,
603 1723 723 1768 dum
753 1724 877 1780 exis,
903 1735 950 1769 te
980 1726 1193 1786 opperiar
1219 1723 1341 1772 foris.

529 1823 560 1855 T
595 1824 629 1856 R
664 1824 699 1856 A
733 1825 766 1857 N
802 1825 823 1857 1
859 1825 907 1857 o.

70 1889 152 1935 Dii
172 1900 224 1935 tev
237 1890 465 1952 Deaeque
488 1907 653 1937 omnes
678 1891 894 1938 funditus
918 1892 1145 1954 perdant,
1175 1910 1340 1940 senex}

52 1961 143 2008 ·Ita
163 1980 267 2008 mea
287 1964 476 2010 consilia
505 1964 724 2026 undique
755 1982 1002 2030 oppugnas
1029 1969 1164 2013 mala.

74 2035 231 2099 Euge,
262 2048 472 2098 optume.
503 2055 666 2086 eccum
698 2038 919 2084 dominus
952 2039 1142 2085 aedium
1175 2040 1293 2086 foras

77 2106 205 2153 Simo
235 2110 569 2173 progreditur
556 2130 694 2174 rpsus
721 2113 815 2158 huc
850 2128 1145 2169 concessero,

76 2178 211 2224 Dum
237 2180 355 2225 mihi
379 2195 594 2229 senatum
630 2185 793 2230 consili
823 2183 873 2228 in
903 2200 984 2229 cor
1011 2200 1242 2232 convoco.

77 2251 223 2314 Igitur
254 2262 360 2297 tum
386 2256 603 2303 accedam
630 2259 789 2315 hunc,
830 2255 1026 2317 quando
1061 2257 1183 2319 quid
1212 2275 1346 2323 agam

331 2340 566 2374 mvenero.

179 1319 274 1357 ,χχ

1014 2508 1158 2566 Kk4
