1618 2866
229 164 327 215 208
511 165 1252 221 MENAECHMEI.
1399 196 1530 242 v.54

724 287 748 323 s
783 289 814 322 E
853 291 888 325 N
923 292 953 325 E
991 293 1042 328 x.
1417 280 1420 281 ⁷

230 345 356 391 Male
388 345 499 392 facit
518 381 531 404 ,
565 348 601 393 si
627 348 747 396 istuc
775 350 914 398 facit:
949 354 987 399 si
1013 370 1117 403 non
1148 356 1288 412 facit3
1321 370 1379 407 tu
1400 362 1529 408 male

488 422 596 468 facis
616 458 630 481 ,

233 492 376 561 Quae
409 493 651 541 insontem
680 496 936 545 insimules.

678 584 721 616 M
759 584 794 617 U
833 585 864 618 L
900 586 923 618 1
959 587 989 620 E
1026 588 1073 621 R.

456 642 593 711 Quin
626 643 769 688 etiam
800 659 934 691 nunc
959 646 1105 693 habet
1132 648 1338 713 pallam,
1368 660 1531 712 pater,

232 716 294 763 Et
325 715 537 777 spinther
561 749 574 773 ‚
617 717 755 777 quod
797 718 856 763 ad
898 719 1022 765 hanc
1063 721 1323 770 detulerat:
1364 740 1531 784 nunc,

495 789 612 850 quia
637 790 832 848 rescivi,
863 791 1019 839 refert.

729 883 752 917 s
790 884 820 916 Ε
858 885 891 917 N
928 886 958 918 E
997 887 1047 920 x.

227 943 337 1003 Jam
365 959 452 1007 ego
492 958 552 988 ex
589 943 711 1001 hoc,
743 955 800 989 ut
839 943 1020 993 factum
1043 948 1130 1006 'st,
1172 948 1314 996 scibo.
1350 951 1434 998 ibo
1471 952 1533 998 ad

492 1017 744 1063 hominem
761 1051 776 1074 ,
807 1029 954 1079 atque
982 1021 1211 1082 alloquar.

235 1090 329 1138 Dic
359 1091 480 1136 mihi
509 1091 659 1149 istuc,
693 1091 1038 1152 Menaechme,
1078 1093 1218 1155 quod
1252 1110 1338 1143 vos
1369 1095 1533 1144 disser-

492 1165 597 1212 tatis
615 1200 628 1222 ‚
656 1176 713 1211 ut
741 1166 894 1212 sciam.

238 1239 378 1311 Quid
407 1251 463 1286 tu
491 1239 628 1284 tristis
653 1239 735 1284 es?
761 1238 883 1299 quid
912 1238 1042 1285 illam
1071 1249 1236 1288 autem
1265 1241 1432 1289 iratam
1452 1243 1536 1290 abs

491 1323 541 1357 te
570 1311 816 1356 destituis?

543 1397 586 1429 M
622 1397 651 1429 Ε
688 1397 721 1429 Ν
758 1397 792 1428 Α
831 1397 862 1429 E
898 1397 925 1429 c
961 1397 997 1430 Η
1035 1398 1078 1430 Μ
1114 1398 1151 1431 U
1188 1398 1226 1433 s.

240 1458 472 1531 Quisquis
508 1474 553 1503 es
574 1492 587 1515 ‚
632 1457 878 1519 quidquid
915 1458 1006 1503 tibi
1029 1474 1214 1506 nomen
1238 1471 1332 1521 est,
1363 1477 1535 1522 senex,

502 1549 748 1578 summum
773 1532 952 1591 Jovem

239 1608 471 1670 Deosque
505 1606 723 1653 detestor.

727 1692 750 1726 S
787 1692 818 1724 E
854 1693 889 1725 N
926 1693 956 1725 E
993 1693 1045 1728 X.

383 1756 496 1825 Qua
514 1753 575 1799 de
595 1770 645 1799 re
658 1788 672 1811 ,
693 1764 777 1799 aut
804 1754 921 1816 quoj
930 1770 980 1799 us
1003 1753 1072 1800 rei
1094 1754 1254 1802 reruni
1273 1756 1498 1804 omnium
1511 1758 1535 1805 Ξ)

537 1848 580 1880 Μ
613 1844 643 1879 Ε
681 1847 715 1879 Ν
750 1847 784 1879 A
821 1847 852 1878 Ε
892 1846 918 1878 c
956 1846 990 1879 Η
1028 1847 1072 1878 Μ
1107 1846 1142 1879 U
1179 1846 1218 1880 s.

243 1911 326 1957 Me
361 1924 522 1969 neque
563 1906 637 1952 isti
671 1907 794 1951 male
825 1904 983 1952 fecisse
1017 1906 1244 1965 mulieri,
1289 1924 1415 1970 quae
1450 1926 1534 1957 me

499 1979 652 2044 arguit

246 2059 385 2106 Hanc
415 2055 564 2101 domo
598 2053 658 2099 ab
693 2068 741 2098 se
773 2051 1090 2114 subripuisse,
1125 2063 1271 2114 atque
1296 2053 1544 2102 abstulisse
1615 2104 1618 2120 Ε

502 2127 691 2191 dejerat.
1615 2122 1618 2135 ¹

246 2205 298 2252 Si
323 2220 411 2268 ego
441 2203 563 2248 intra
590 2200 715 2247 aedis
742 2199 886 2273 hujus
913 2215 1180 2261 umquam,
1213 2163 1300 2248 ubi
1325 2201 1538 2259 habitat,
1607 2243 1609 2246 .

508 2274 752 2336 penetravi
784 2268 992 2335 pedem,
1400 2309 1406 2313 ,

250 2350 491 2400 Omnium
518 2347 777 2394 hominum
812 2358 991 2409 exopto
1020 2358 1076 2394 ut
1113 2346 1223 2393 fiam
1256 2343 1535 2391 miserorum

502 2423 817 2471 miserrumus.
