1618 2866
208 177 308 231 1312·
545 170 601 218 M
633 170 671 218 E
703 170 748 219 R
783 168 821 218 C
853 170 897 218 A
930 172 977 220 T
1009 175 1057 222 O
1089 175 1145 224 R.
1401 179 1497 243 vg3j

581 290 611 322 Ε
651 290 686 322 U
723 290 754 323 T
791 291 826 324 Y
861 291 888 323 c
926 292 960 324 Η
997 293 1033 325 U
1069 294 1110 328 s.

206 349 427 399 Defessus
460 365 566 395 sum
598 350 769 396 urbem
802 361 955 397 totam
983 354 1303 413 pervenarier,

208 424 342 470 Nihil
362 424 597 488 investigo
628 425 899 486 quidquam
934 426 994 472 de
1027 427 1106 473 illa
1131 429 1344 476 muliere.

205 494 302 541 Sed
328 505 479 540 mater
500 511 608 540 rure
637 495 808 547 rediit3
842 513 956 543 nam
988 499 1131 546 video
1155 499 1321 563 Syram

207 567 369 617 Astare
391 579 501 614 ante
530 568 669 614 aedis.
706 568 834 632 Syra.

248 643 251 645 ’
730 656 753 689 s
790 657 824 689 Y
860 658 894 691 R
929 658 977 691 A.

825 717 949 787 Quis
977 730 1070 777 est,
1100 722 1186 782 qui
1217 738 1298 768 me
1324 722 1499 777 vocat?
1532 773 1536 777 .

580 802 611 835 Ε
649 800 685 833 U
722 801 752 835 T
791 802 825 834 Y
861 803 889 834 c
926 804 960 837 H
998 804 1032 836 U
1072 805 1110 838 s.

209 860 364 911 Herus
393 873 539 925 atque
567 863 788 909 alumnus
813 873 925 909 tuus
952 881 1072 911 sum.

729 949 752 984 S
789 950 824 983 Y
861 951 897 985 R
934 951 985 985 A.

1000 1009 1136 1058 Salve
1151 1046 1166 1070 ,
1194 1015 1386 1062 alumne
1413 1016 1497 1062 mi.

550 1144 552 1147 v
590 1090 621 1128 E
660 1095 696 1128 U
733 1095 764 1128 T
797 1095 833 1127 Y
871 1095 898 1127 c
935 1095 970 1128 H
1007 1095 1042 1127 U
1080 1096 1118 1130 s.

206 1155 316 1216 Jam
341 1165 491 1202 mater
513 1171 620 1202 rure
645 1154 824 1201 rediit?
859 1155 1094 1216 responde
1125 1157 1259 1204 mihi.

743 1240 766 1274 s
803 1241 839 1274 Y
874 1241 908 1274 R
944 1241 994 1274 A.

212 1301 308 1350 Sua
341 1302 544 1364 quidem
568 1304 716 1348 salute
743 1318 796 1347 ac
828 1301 1033 1347 familiae
1063 1319 1302 1350 maxuma.

587 1397 617 1428 E
656 1396 691 1427 U
728 1396 759 1428 Τ
797 1396 830 1427 Y
869 1396 896 1429 c
935 1397 969 1429 H
1006 1396 1041 1429 U
1078 1397 1116 1431 s.

210 1457 350 1529 Quid
381 1456 503 1504 istuc
530 1456 696 1521 negoti
712 1456 799 1501 ’sti'

728 1542 752 1577 S
788 1541 824 1574 Y
858 1541 893 1575 R
928 1542 977 1575 A.

848 1603 984 1650 Tuus
1010 1612 1143 1664 pater
1170 1602 1466 1650 bellissumus

212 1678 431 1727 Amicam
460 1677 662 1725 adduxit
692 1677 819 1723 intro
848 1678 900 1722 in
931 1675 1069 1722 aedis.

589 1775 1115 1811 EUTYCHUS.

1091 1833 1400 1904 Quomodo?

730 1913 978 1948 SYRA.

214 1976 485 2026 Adveniens
508 1986 659 2022 mater
683 1991 791 2021 rure
814 1991 918 2020 eam
953 1973 1153 2020 offendit
1181 1971 1329 2020 domi.

589 2078 619 2111 Ε
656 2077 691 2110 U
728 2077 759 2110 Τ
794 2076 828 2109 Y
867 2076 894 2108 c
930 2075 965 2108 Η
1003 2075 1038 2107 U
1075 2074 1113 2108 s.

213 2139 303 2186 Pol
334 2137 466 2192 haud
496 2137 745 2185 censebam
777 2137 970 2183 istarum
1001 2151 1095 2182 esse
1133 2151 1384 2198 operarum
1410 2150 1498 2199 pa·-

471 2223 606 2259 trem.

212 2285 370 2334 Etiam
403 2300 535 2332 nunc
564 2284 735 2331 mulier
762 2283 870 2328 intu
887 2283 975 2329 ’sti'

731 2360 754 2396 s
792 2362 824 2395 Y
858 2361 893 2394 R
928 2360 977 2394 A.

970 2419 1140 2468 Etiam.
