1618 2866
209 189 306 226 220
465 177 1209 232 MENAECHMEI.
1361 204 1487 250 v.51

694 299 716 331 s
757 299 786 331 E
822 299 854 331 Ν
892 301 921 332 Ε
958 302 1008 334 Χ.

173 370 176 374 ’
202 358 311 416 Jarn
333 357 411 404 hic
441 370 595 406 erunt.
630 359 804 409 asserva
830 375 884 410 tu
912 364 1097 423 istunc,
1123 360 1322 416 medice.

608 458 651 491 M
686 459 716 491 Ε
753 460 788 491 D
826 460 846 492 1
885 460 912 492 c
951 459 986 492 U
1023 461 1061 494 s.

855 520 1013 566 Immo
1037 536 1125 585 ego
1149 521 1233 569 ibo
1260 521 1458 569 domum
1474 557 1489 581 ,

198 587 263 634 Ut
295 600 521 650 parentur
539 624 552 646 ‚
594 590 769 651 quibus
810 594 977 654 paratis
1010 595 1122 656 opu’
1163 606 1216 642 st.
1253 607 1311 642 tu
1336 605 1488 644 servos

448 664 571 728 jube

198 735 345 783 Hunc
374 737 434 783 ad
460 755 539 784 me
570 737 736 784 ferant.

680 837 702 870 s
741 837 770 870 E
810 838 844 870 Ν
882 839 912 870 Ε
949 839 999 873 Χ.

579 899 686 958 Jam
714 915 802 963 ego
829 899 924 946 illic
954 900 1063 948 faxo
1083 903 1182 949 erit.

613 999 1060 1035 MED1cus.
1158 1051 1236 1099 Ab
1301 988 1313 998 “

1239 1068 1311 1099 eo.

680 1128 703 1163 s
741 1131 771 1163 E
807 1130 841 1164 Ν
875 1131 904 1163 Ε
942 1131 997 1165 Χ.

1311 1182 1444 1230 Vale.

491 1259 1172 1295 MENAECHMUS.

194 1323 328 1370 Abiit
357 1341 568 1372 socerus:
618 1328 734 1373 abiit
765 1329 992 1375 medicus.
1035 1345 1168 1376 nunc
1202 1329 1326 1375 solus
1358 1344 1478 1375 sum.

445 1416 533 1461 pro
557 1400 813 1461 juppiter!

193 1470 330 1540 Quid
357 1471 471 1519 illuc
502 1483 569 1518 est
588 1507 603 1529 ,
641 1473 778 1533 quod
806 1489 884 1518 me
917 1472 994 1519 hic
1025 1473 1242 1518 homines
1279 1473 1477 1519 insanire

444 1546 745 1608 praedicant!

191 1616 315 1664 Nam
338 1619 566 1681 equidem
583 1633 838 1683 postquam
858 1631 1026 1685 gnatus
1048 1636 1178 1677 sum,
1199 1635 1472 1680 numquam

445 1694 681 1757 aegrotavi
705 1709 859 1739 unum
887 1692 1029 1738 diem.

192 1762 366 1824 Neque
392 1781 478 1829 ego
512 1766 721 1823 insanio,
758 1782 918 1826 neque
952 1780 1158 1829 pugnas,
1191 1779 1353 1824 neque
1383 1780 1470 1829 ego

444 1839 546 1885 lites
582 1839 766 1901 coepio.

190 1906 354 1957 Salvus
381 1912 526 1957 salvos
557 1912 668 1958 alios
700 1910 872 1958 video:
914 1912 1030 1959 novi
1068 1912 1313 1969 homines,
1352 1912 1465 1956 allo-

444 1999 580 2043 quon

190 2054 269 2103 An
303 2056 388 2118 qui
415 2072 662 2118 perperam
692 2055 890 2102 insanire
921 2073 1000 2102 me
1030 2057 1193 2122 ajunt,
1226 2055 1314 2117 ipsi
1346 2055 1468 2120 insa·-
1510 2073 1515 2076 ·
1566 2091 1570 2101 ι

441 2127 584 2174 niunt
600 2128 621 2172 ?

191 2200 328 2271 Quid
355 2218 442 2265 ego
475 2217 605 2247 nunc
635 2201 837 2247 faciam?
869 2200 1073 2246 domum
1105 2200 1170 2245 ire
1200 2200 1343 2262 cupio
1364 2207 1384 2244 :'
1418 2208 1466 2244 at

444 2292 567 2322 uxor
596 2291 697 2321 non
724 2285 846 2320 sm1t.
1371 2321 1377 2325 ,

192 2351 304 2399 Huc
329 2361 492 2398 autem
518 2365 663 2395 nemo
686 2348 973 2395 intromittit.
1005 2348 1143 2396 nimis
1173 2357 1461 2411 proventum

327 2410 333 2415 ⁸
383 2410 388 2415 ’
445 2433 511 2470 est
544 2421 778 2484 nequiter.
