1618 2866
41 161 174 208 ιη
339 141 671 191 ACTUS
726 141 1077 192 1.SC.1.·
1222 155 1318 213 ⁹4⁷.

42 263 179 309 Leno
208 260 493 322 inportunus
509 293 524 316 ,
562 259 785 306 dominus
818 260 917 324 ejus
948 260 1185 319 mulieris,

39 333 103 380 Vi
113 349 297 381 summa
314 332 550 393 quidque,
571 343 628 379 ut
641 342 846 393 poterat,
861 332 1070 394 rapiebat
1088 334 1307 382 domum.

39 407 303 470 Objurgare
326 417 458 466 pater
490 400 604 451 haec
637 421 717 451 me
749 416 911 451 noctes
940 416 988 452 et
1020 405 1118 453 dies
1133 442 1148 465 ‚

45 480 295 527 Perfidiam
313 513 328 537 ,
360 480 636 544 injustitiam
667 481 902 529 lenonum
930 474 1234 542 expromere:

39 554 248 601 Lacerari
277 553 435 610 yalide
458 569 591 600 suam
618 569 719 599 rem
734 586 750 610 ,
779 551 904 598 illius
930 554 1152 617 augerier.

41 626 246 674 Summo
280 627 396 673 haec
423 627 655 673 clamore:
690 625 936 672 interdum
962 643 1169 674 mussans
1201 644 1319 676 con-

310 698 477 759 loqui,

41 770 294 819 Abnuere:
326 771 532 836 negitare
562 771 682 819 adeo
716 789 796 819 me
820 784 990 820 natum
1015 789 1183 820 suum:

42 845 384 892 Conclamitare
409 856 512 893 tota
546 847 666 893 urbe
698 857 746 893 et
770 847 1064 908 praedicere,

40 919 224 965 Omnes
258 930 478 966 tenerent
508 919 789 965 mutuitanti
823 918 1025 964 credere.

39 991 267 1038 Amorem
295 993 473 1037 multos
498 993 637 1038 illexe
663 992 713 1037 in
740 990 1057 1052 dispendium.

41 1064 446 1126 Intemperantem
461 1098 477 1121 ,
509 1081 613 1111 non
652 1064 925 1111 modestum
940 1098 956 1121 ,
989 1063 1219 1127 injurium
1233 1097 1249 1121 ‚

41 1136 246 1187 Trahere
263 1171 278 1195 ,
316 1138 562 1184 exhaurire
590 1155 669 1185 me
687 1172 702 1196 ,
743 1138 880 1199 quod
912 1138 1100 1200 quirem
1117 1172 1133 1196 ‚
1176 1139 1236 1184 ab
1268 1155 1317 1184 se

296 1209 458 1256 domo.

43 1278 297 1326 Rationem
310 1296 575 1343 pessumam
600 1295 716 1332 esse3
741 1297 820 1338 ea,
838 1297 961 1342 quae
975 1281 1101 1343 ipsus
1117 1292 1316 1344 optuma

44 1352 217 1399 Omnis
236 1353 418 1400 labores
445 1354 694 1401 invenisset
718 1353 953 1417 perferens
967 1388 984 1412 ,

44 1425 231 1473 Amoris
259 1427 311 1474 vi
346 1427 637 1474 diffunditari
671 1444 726 1475 ac
751 1428 913 1474 deteri.

37 1498 331 1546 convicium
360 1511 436 1546 tot
464 1517 545 1546 me
574 1516 721 1546 annos
747 1502 849 1564 jam
883 1515 931 1544 se
954 1514 1153 1560 pascere.

43 1571 197 1642 Quod
224 1572 311 1618 nisi
337 1572 570 1634 puderet,
598 1589 661 1618 ne
689 1573 876 1618 luberet
908 1572 1080 1617 vivere.

42 1642 151 1691 Sese
167 1645 438 1706 extemplo,
464 1661 524 1689 ex
546 1643 745 1705 ephebis„
761 1653 1020 1704 postquam
1047 1642 1316 1699 excesserit,

43 1716 188 1775 Non,
217 1728 274 1764 ut
304 1734 419 1781 ego,
454 1718 632 1774 amori,
667 1732 830 1777 neque
859 1716 1064 1764 desidiae
1090 1717 1142 1762 in
1172 1716 1274 1762 otio

45 1790 255 1852 Operam
290 1790 493 1849 dedisse,
525 1807 687 1852 neque
717 1802 1002 1853 potestatem
1037 1789 1126 1836 sibi

45 1860 222 1914 Fuisse}
256 1863 377 1910 adeo
403 1875 502 1909 arte
529 1863 797 1910 cohibitum
832 1880 925 1910 esse
954 1879 1001 1908 se
1032 1879 1059 1908 a
1080 1873 1238 1923 patre:

47 1933 205 1981 Multo
237 1952 379 1997 opere
405 1936 645 1982 inmundo
675 1937 851 1983 rustico
878 1954 925 1983 se
956 1936 1247 1982 exercitum:

48 2005 219 2068 Neque
244 2011 331 2056 nisi
357 2011 532 2071 quinto
553 2026 681 2057 anno
714 2027 915 2073 quoque
941 2026 1074 2072 posse
1101 2020 1210 2055 tum
1244 2007 1315 2054 vi-

297 2099 395 2129 sere
1293 2088 1299 2095 '

50 2148 230 2196 Urbem
244 2185 259 2207 2
298 2164 444 2214 atque
480 2157 724 2218 extemplo
760 2155 874 2202 inde
888 2189 904 2213 ,
942 2165 998 2200 ut
1027 2152 1321 2214 spectavisset

303 2230 500 2288 peplum
514 2264 529 2286 ‚

51 2294 150 2341 Rus
174 2310 358 2341 rursum
379 2299 624 2347 confestim
647 2301 769 2365 exigi
801 2301 994 2346 solitum
1017 2314 1043 2343 a
1066 2307 1209 2358 patre.
1248 2350 1258 2352 „

53 2369 130 2415 Ibi
156 2369 314 2416 multo
340 2371 550 2431 primum
575 2389 621 2419 se
646 2372 946 2421 familiarium

1011 2449 1132 2515 Q4
