1618 2866
58 149 160 198 v.9
354 129 663 180 AcTus
722 129 1074 179 1v.sc:.1.
1244 141 1344 195 415

378 255 407 286 P
442 253 477 285 A
515 253 544 286 Ι,
579 253 615 285 Α
647 252 680 284 Ε
716 251 739 285 s
776 252 807 285 'r
842 253 876 286 R
909 254 931 286 1
968 253 1018 287 o.

64 314 424 377 circumspicite
459 314 607 371 dum,
642 329 705 359 ne
737 313 842 375 quis
874 325 1035 360 nostro
1070 314 1145 361 hic
1174 331 1345 379 auceps

316 389 523 435 sermoni
555 389 653 434 siet.

63 462 188 509 Nam
213 463 305 508 hoc
329 462 493 526 negoti
521 460 812 508 clandestino
832 472 888 507 ut
903 463 1124 526 Qagerem
1149 463 1347 512 manda·-

317 545 425 580 tum
444 534 500 579 ’st
524 534 657 580 mihi.

259 619 1169 658 PYRGOPOLINICES.

65 684 222 731 Nemo
251 683 393 729 adest.

371 767 401 800 P
440 764 475 799 A
508 765 540 799 1.
576 764 611 802 Α
644 760 675 799 Ε
713 764 736 798 S
774 765 806 799 Τ
843 767 877 800 R
912 767 935 800 1
970 767 1019 801 O·

129 826 277 874 Hunc
296 823 613 872 anhabonem
630 825 797 871 amoris
813 826 1025 887 pritnum
1040 845 1067 880 a
1081 843 1162 874 me
1174 828 1349 892 accipea

258 917 1166 953 PYRGOPOLINICES.

67 978 208 1049 Quid
234 978 339 1024 hic.
328 977 350 1011 ἵ)
387 977 517 1022 unde
546 977 648 1022 est?

379 1060 409 1093 P
446 1060 481 1093 A
517 1060 547 1092 L
582 1060 618 1092 A
652 1060 683 1092 Ε
719 1059 741 1093 s
779 1060 811 1093 Τ
847 1062 879 1094 R
914 1060 936 1093 1
973 1061 1022 1095 ο.

387 1119 432 1166 A
459 1121 702 1165 luculenta
731 1131 876 1180 atque
899 1138 926 1166 a
954 1120 1116 1167 festiva
1139 1121 1346 1182 femina,

68 1195 209 1264 Quae
228 1203 277 1239 te
294 1202 445 1248 amat,
470 1203 702 1251 tuamque
720 1191 955 1253 expetissit
978 1193 1226 1253 pulchram
1242 1198 1349 1257 pul-

319 1264 672 1322 chritudinem,

67 1341 180 1407 Ejus
206 1356 340 1387 nunc
366 1339 485 1384 mihi
512 1340 713 1384 anulum
734 1337 796 1384 ad
819 1350 867 1388 te
893 1341 1059 1387 ancilla
1074 1375 1089 1399 ,
1120 1359 1263 1404 porto
1291 1356 1347 1391 ut

324 1413 556 1460 deferrem
570 1447 585 1470 ‚
619 1411 764 1458 dedit.

262 1498 1163 1534 PYRGOPOLINICES.
1292 1542 1298 1548 x

65 1559 205 1632 Quid
219 1560 242 1607 Ρ
266 1560 365 1606 ean'
385 1559 592 1623 ingenua
606 1591 621 1616 ,
641 1574 703 1605 an
728 1557 904 1604 festuca
937 1559 1056 1605 facta
1083 1577 1110 1606 e
1136 1560 1263 1607 seiva
1289 1562 1348 1607 li-

324 1632 543 1684 bera’st?

384 1717 414 1749 P
449 1715 485 1748 A
518 1715 550 1748 L
585 1715 621 1748 A
654 1714 684 1747 Ε
721 1714 744 1748 s
778 1714 810 1746 T
844 1714 879 1747 R
914 1715 935 1748 1
973 1715 1024 1749 ο.

69 1774 199 1826 Vah!
231 1789 382 1839 egone
408 1783 464 1819 ut
493 1773 555 1819 ad
577 1783 625 1819 te
657 1773 717 1819 ab
747 1773 965 1819 libertina
1001 1790 1095 1821 esse
1121 1773 1347 1824 auderem

323 1846 645 1892 internuntius
663 1881 678 1904 ,

71 1917 198 1987 Qui
186 1920 399 1984 mgenuis
414 1920 518 1965 satis
537 1919 819 1982 respondere
836 1937 1041 1982 nequeas
1055 1921 1236 1983 cupidis
1253 1922 1346 1967 tui!

262 2013 1170 2049 PYRGOPOLINICES.

73 2070 279 2133 Nuptan’
299 2076 416 2121 ea'st
431 2109 446 2132 ,
474 2092 534 2121 an
549 2075 723 2121 vidua?

382 2159 411 2191 P
446 2160 481 2194 A
516 2161 548 2194 L
583 2161 618 2194 A
653 2161 683 2193 E
721 2161 742 2194 S
778 2161 810 2194 T
846 2162 879 2194 R
915 2162 934 2193 1
967 2162 1019 2195 O.

521 2220 582 2266 Et
604 2233 755 2282 nupta
774 2233 819 2266 et
837 2222 991 2268 vidua.

267 2300 1155 2339 PYRGOPOLINICES.

934 2364 1051 2432 Quo
1069 2372 1206 2421 pacto
1223 2359 1347 2420 potis
