1618 2866
86 204 244 254 v·¹49
354 183 646 236 ACTUS
699 184 822 232 ΙΙΙ.
877 182 985 232 SC.
1028 184 1107 232 11.
1274 200 1367 247 531

546 307 577 340 Τ
614 308 649 341 R
683 306 718 339 A
752 306 786 339 N
819 306 842 339 1
877 305 927 339 o.

86 370 154 420 At
179 382 236 418 tu
266 370 354 416 isto
384 368 446 415 ad
477 384 562 414 vos
594 366 795 413 obtuere
815 399 830 423 ,
865 365 1100 427 quoniam
1133 366 1372 415 cornicem

342 439 514 501 nequis

88 513 361 579 Conspicati
376 548 390 571 ‚
421 512 458 558 si
489 510 720 558 volturios
748 508 870 556 forte
901 510 1046 571 possis
1077 511 1258 557 contui.

380 609 1104 646 THEUROPIDES.

92 673 343 731 Omnino,
377 683 433 718 ut
461 682 510 717 te
536 670 807 727 absolvam,
824 671 1023 738 „nullam
1055 671 1236 733 pictam
1264 690 1376 721 con-

341 740 487 804 spicio
521 740 598 787 hic
634 757 787 787 avem.

437 882 452 888 ·
541 841 573 874 Τ
607 842 643 874 R
676 840 712 874 A
746 841 781 874 Ν
814 841 837 874 1
873 842 922 875 o.

90 899 217 965 Age,
245 900 346 964 jam
370 899 513 946 mitto
533 933 547 956 ‚
576 898 798 962 ignosco:
835 910 986 945 aetate
1011 915 1116 946 non
1147 901 1253 961 quis
1287 902 1377 948 ob-

149 981 170 1000 ‘
344 984 529 1018 tuener.

387 1065 1108 1111 TuEUROPIDEs.

94 1135 224 1182 Haec
240 1169 255 1194 ,
297 1150 421 1196 quae
453 1149 646 1194 possum
661 1166 677 1190 ,
715 1149 769 1178 ea
802 1133 923 1179 mihi
955 1132 1172 1196 profecto
1209 1146 1379 1183 cuncta

347 1206 657 1253 vehementer
686 1206 890 1266 placent.

614 1305 638 1338 s
674 1304 696 1337 1
733 1306 776 1339 M
812 1306 861 1339 o.

95 1366 258 1414 Latius
282 1363 483 1412 demum
509 1374 577 1410 est
605 1380 775 1425 operae
805 1366 1016 1426 pretium
1042 1365 1189 1412 ivisse.

388 1463 1107 1500 THEUROPIDES.

817 1525 965 1572 Recte
998 1526 1173 1587 edepol
1200 1516 1382 1576 mones.

614 1609 638 1642 S
674 1609 694 1641 I
732 1610 775 1642 M
813 1610 863 1643 O.

97 1672 203 1720 Eho
233 1671 411 1727 istum,
449 1684 600 1730 puer,
637 1670 940 1716 circumduce
975 1671 1109 1717 hasce
1143 1672 1268 1718 aedis
1284 1707 1299 1730 ‚
1333 1683 1382 1720 et

353 1744 606 1791 conclavia.

99 1820 224 1868 Nam
247 1822 437 1884 egomet
454 1817 726 1876 ductarem‚
750 1819 839 1866 nisi
864 1820 982 1867 mihi
997 1832 1113 1874 esset
1137 1820 1199 1867 ad
1216 1821 1378 1868 forum
1427 1823 1430 1826 ’

354 1893 623 1957 negotium.

392 1992 1110 2027 THEUROPIDES.

104 2058 265 2124 Apage
293 2061 436 2107 istum
459 2079 486 2107 a
508 2079 588 2107 me
611 2062 976 2124 perductorem:
1005 2061 1073 2105 nil
1104 2077 1267 2107 moror
1297 2063 1385 2109 du-

363 2143 538 2180 ctaner.

110 2258 277 2329 Quid,
308 2260 430 2321 quid
453 2263 550 2308 est?
622 2211 645 2245 ⁵
679 2212 701 2244 Ι
737 2211 781 2243 M
818 2210 869 2247 θ’

398 2354 1110 2390 THEUROPIDES.

285 2421 462 2478 Erraho
478 2425 664 2493 potius,
689 2442 836 2487 quam
861 2426 1114 2487 perductet
1136 2425 1384 2486 quispiam.

1030 2499 1109 2547 Ll
1146 2510 1172 2546 α
