<?xml version="1.0" encoding="UTF-8"?>
<!DOCTYPE html PUBLIC "-//W3C//DTD XHTML 1.0 Transitional//EN"
    "http://www.w3.org/TR/xhtml1/DTD/xhtml1-transitional.dtd">
<html xmlns="http://www.w3.org/1999/xhtml" xml:lang="en" lang="en">
 <head>
  <title>
</title>
<meta http-equiv="Content-Type" content="text/html;charset=utf-8" />
  <meta name='ocr-system' content='tesseract 3.04.00' />
  <meta name='ocr-capabilities' content='ocr_page ocr_carea ocr_par ocr_line ocrx_word'/>
</head>
<body>
  <div class='ocr_page' id='page_1' title='image "./comoediaesuperst02plauuoft_0288.png"; bbox 0 0 1618 2866; ppageno 0'>
   <div class='ocr_carea' id='block_1_1' title="bbox 208 164 1570 268">
    <p class='ocr_par' dir='ltr' id='par_1_1' title="bbox 208 164 1570 268">
     <span class='ocr_line' id='line_1_1' title="bbox 208 164 1570 268; baseline 0.007 -27"><span class='ocrx_word' id='word_1_1' title='bbox 208 193 311 247; x_wconf 68' lang='lat'>280</span> <span class='ocrx_word' id='word_1_2' title='bbox 537 193 1136 246; x_wconf 83' lang='lat' dir='ltr'><strong>MERCATOR.</strong></span> <span class='ocrx_word' id='word_1_3' title='bbox 1335 164 1570 268; x_wconf 23' lang='lat' dir='ltr'>mms-</span> 
     </span>
    </p>
   </div>
   <div class='ocr_carea' id='block_1_2' title="bbox 212 275 1180 368">
    <p class='ocr_par' dir='ltr' id='par_1_2' title="bbox 212 275 1180 368">
     <span class='ocr_line' id='line_1_2' title="bbox 212 275 1180 368; baseline 0 -17"><span class='ocrx_word' id='word_1_4' title='bbox 212 303 292 351; x_wconf 89' lang='lat' dir='ltr'>Ad</span> <span class='ocrx_word' id='word_1_5' title='bbox 316 314 515 366; x_wconf 81' lang='lat' dir='ltr'>portum</span> <span class='ocrx_word' id='word_1_6' title='bbox 535 320 597 350; x_wconf 87' lang='lat' dir='ltr'>ne</span> <span class='ocrx_word' id='word_1_7' title='bbox 628 303 778 359; x_wconf 59' lang='lat' dir='ltr'>bitas,</span> <span class='ocrx_word' id='word_1_8' title='bbox 810 302 919 349; x_wconf 92' lang='lat' dir='ltr'>dico</span> <span class='ocrx_word' id='word_1_9' title='bbox 949 303 1050 368; x_wconf 86' lang='lat' dir='ltr'>jam</span> <span class='ocrx_word' id='word_1_10' title='bbox 1077 275 1180 351; x_wconf 55' lang='lat' dir='ltr'>tibi.</span> 
     </span>
    </p>
   </div>
   <div class='ocr_carea' id='block_1_3' title="bbox 215 401 1501 975">
    <p class='ocr_par' dir='ltr' id='par_1_3' title="bbox 215 401 1501 975">
     <span class='ocr_line' id='line_1_3' title="bbox 604 401 1121 437; baseline 0.006 -3"><span class='ocrx_word' id='word_1_11' title='bbox 604 402 631 434; x_wconf 87' lang='lat' dir='ltr'>c</span> <span class='ocrx_word' id='word_1_12' title='bbox 668 402 703 434; x_wconf 88' lang='lat' dir='ltr'>H</span> <span class='ocrx_word' id='word_1_13' title='bbox 740 401 775 434; x_wconf 87' lang='lat' dir='ltr'>A</span> <span class='ocrx_word' id='word_1_14' title='bbox 812 402 845 435; x_wconf 81' lang='lat' dir='ltr'>R</span> <span class='ocrx_word' id='word_1_15' title='bbox 876 402 897 434; x_wconf 91' lang='lat'>1</span> <span class='ocrx_word' id='word_1_16' title='bbox 936 403 970 435; x_wconf 81' lang='lat' dir='ltr'>N</span> <span class='ocrx_word' id='word_1_17' title='bbox 1009 403 1044 436; x_wconf 90' lang='lat' dir='ltr'>U</span> <span class='ocrx_word' id='word_1_18' title='bbox 1082 403 1121 437; x_wconf 90' lang='lat' dir='ltr'>s.-</span> 
     </span>
     <span class='ocr_line' id='line_1_4' title="bbox 1129 459 1499 516; baseline 0.014 -5"><span class='ocrx_word' id='word_1_19' title='bbox 1129 459 1499 516; x_wconf 84' lang='lat' dir='ltr'>Auscultabitur.</span> 
     </span>
     <span class='ocr_line' id='line_1_5' title="bbox 625 549 1085 585; baseline 0.004 -3"><span class='ocrx_word' id='word_1_20' title='bbox 625 550 661 582; x_wconf 80' lang='lat'>1)</span> <span class='ocrx_word' id='word_1_21' title='bbox 696 549 726 582; x_wconf 85' lang='lat' dir='ltr'>E</span> <span class='ocrx_word' id='word_1_22' title='bbox 764 550 807 583; x_wconf 94' lang='lat' dir='ltr'><strong>M</strong></span> <span class='ocrx_word' id='word_1_23' title='bbox 842 551 862 584; x_wconf 93' lang='lat'>1</span> <span class='ocrx_word' id='word_1_24' title='bbox 900 552 929 585; x_wconf 92' lang='lat' dir='ltr'>P</span> <span class='ocrx_word' id='word_1_25' title='bbox 965 551 1015 583; x_wconf 56' lang='lat' dir='ltr'>H‘</span> <span class='ocrx_word' id='word_1_26' title='bbox 1036 552 1085 584; x_wconf 84' lang='grc' dir='ltr'>Ο.</span> 
     </span>
     <span class='ocr_line' id='line_1_6' title="bbox 215 617 1498 684; baseline 0.005 -21"><span class='ocrx_word' id='word_1_27' title='bbox 215 617 306 664; x_wconf 92' lang='lat' dir='ltr'>Ibo</span> <span class='ocrx_word' id='word_1_28' title='bbox 335 617 396 664; x_wconf 90' lang='lat' dir='ltr'>ad</span> <span class='ocrx_word' id='word_1_29' title='bbox 412 627 610 679; x_wconf 84' lang='lat' dir='ltr'>portum</span> <span class='ocrx_word' id='word_1_30' title='bbox 626 653 639 675; x_wconf 84' lang='lat'>‚</span> <span class='ocrx_word' id='word_1_31' title='bbox 659 629 707 663; x_wconf 86' lang='lat' dir='ltr'>et</span> <span class='ocrx_word' id='word_1_32' title='bbox 725 635 786 664; x_wconf 85' lang='lat' dir='ltr'>ne</span> <span class='ocrx_word' id='word_1_33' title='bbox 806 619 883 665; x_wconf 91' lang='lat' dir='ltr'>hic</span> <span class='ocrx_word' id='word_1_34' title='bbox 899 619 1108 666; x_wconf 85' lang='lat' dir='ltr'>resciscat</span> <span class='ocrx_word' id='word_1_35' title='bbox 1120 653 1134 676; x_wconf 87' lang='lat'>‚</span> <span class='ocrx_word' id='word_1_36' title='bbox 1152 630 1292 667; x_wconf 90' lang='lat' dir='ltr'>cauto</span> <span class='ocrx_word' id='word_1_37' title='bbox 1321 637 1423 684; x_wconf 91' lang='lat' dir='ltr'>opu</span> <span class='ocrx_word' id='word_1_38' title='bbox 1432 624 1498 669; x_wconf 86' lang='lat' dir='ltr'>’st.</span> 
     </span>
     <span class='ocr_line' id='line_1_7' title="bbox 471 709 900 754; baseline 0.002 -16"><span class='ocrx_word' id='word_1_39' title='bbox 471 709 572 738; x_wconf 90' lang='lat' dir='ltr'>non</span> <span class='ocrx_word' id='word_1_40' title='bbox 597 709 694 754; x_wconf 78' lang='lat' dir='ltr'>lpse</span> <span class='ocrx_word' id='word_1_41' title='bbox 717 710 871 739; x_wconf 86' lang='lat' dir='ltr'>emam</span> <span class='ocrx_word' id='word_1_42' title='bbox 886 727 900 749; x_wconf 87' lang='lat'>,</span> 
     </span>
     <span class='ocr_line' id='line_1_8' title="bbox 219 763 1501 829; baseline 0.003 -19"><span class='ocrx_word' id='word_1_43' title='bbox 219 763 315 811; x_wconf 87' lang='lat' dir='ltr'>Sed</span> <span class='ocrx_word' id='word_1_44' title='bbox 333 764 614 828; x_wconf 88' lang='lat' dir='ltr'>Lysimacho</span> <span class='ocrx_word' id='word_1_45' title='bbox 640 765 791 811; x_wconf 88' lang='lat' dir='ltr'>amico</span> <span class='ocrx_word' id='word_1_46' title='bbox 815 765 1069 812; x_wconf 85' lang='lat' dir='ltr'><strong>mandabo.</strong></span> <span class='ocrx_word' id='word_1_47' title='bbox 1093 765 1128 812; x_wconf 90' lang='lat' dir='ltr'>is</span> <span class='ocrx_word' id='word_1_48' title='bbox 1155 783 1201 812; x_wconf 86' lang='lat' dir='ltr'>se</span> <span class='ocrx_word' id='word_1_49' title='bbox 1219 766 1279 812; x_wconf 87' lang='lat' dir='ltr'>ad</span> <span class='ocrx_word' id='word_1_50' title='bbox 1303 778 1501 829; x_wconf 85' lang='lat' dir='ltr'>portum</span> 
     </span>
     <span class='ocr_line' id='line_1_9' title="bbox 473 840 654 886; baseline 0.006 -1"><span class='ocrx_word' id='word_1_51' title='bbox 473 840 654 886; x_wconf 81' lang='lat' dir='ltr'>dixerat</span> 
     </span>
     <span class='ocr_line' id='line_1_10' title="bbox 221 909 1289 975; baseline -0.001 -16"><span class='ocrx_word' id='word_1_52' title='bbox 221 909 296 959; x_wconf 74' lang='lat' dir='ltr'>Ixe</span> <span class='ocrx_word' id='word_1_53' title='bbox 323 911 528 959; x_wconf 88' lang='lat' dir='ltr'>dudum.</span> <span class='ocrx_word' id='word_1_54' title='bbox 556 929 636 958; x_wconf 88' lang='lat' dir='ltr'>me</span> <span class='ocrx_word' id='word_1_55' title='bbox 665 930 856 971; x_wconf 81' lang='lat' dir='ltr'>moror,</span> <span class='ocrx_word' id='word_1_56' title='bbox 883 931 1036 975; x_wconf 90' lang='lat' dir='ltr'>quom</span> <span class='ocrx_word' id='word_1_57' title='bbox 1068 914 1146 960; x_wconf 91' lang='lat' dir='ltr'>hic</span> <span class='ocrx_word' id='word_1_58' title='bbox 1177 923 1289 959; x_wconf 86' lang='lat' dir='ltr'>asto.</span> 
     </span>
    </p>
   </div>
   <div class='ocr_carea' id='block_1_4' title="bbox 616 1011 1503 1136">
    <p class='ocr_par' dir='ltr' id='par_1_4' title="bbox 616 1011 1503 1136">
     <span class='ocr_line' id='line_1_11' title="bbox 616 1011 1130 1046; baseline 0.002 -3"><span class='ocrx_word' id='word_1_59' title='bbox 616 1012 642 1043; x_wconf 90' lang='lat' dir='ltr'>c</span> <span class='ocrx_word' id='word_1_60' title='bbox 683 1011 718 1045; x_wconf 79' lang='grc' dir='ltr'><em>Η</em></span> <span class='ocrx_word' id='word_1_61' title='bbox 753 1011 789 1044; x_wconf 75' lang='lat' dir='ltr'>A</span> <span class='ocrx_word' id='word_1_62' title='bbox 822 1013 856 1046; x_wconf 76' lang='lat' dir='ltr'>R</span> <span class='ocrx_word' id='word_1_63' title='bbox 890 1012 911 1045; x_wconf 92' lang='lat'>1</span> <span class='ocrx_word' id='word_1_64' title='bbox 945 1014 979 1046; x_wconf 86' lang='lat' dir='ltr'>N</span> <span class='ocrx_word' id='word_1_65' title='bbox 1019 1012 1054 1045; x_wconf 84' lang='lat' dir='ltr'>U</span> <span class='ocrx_word' id='word_1_66' title='bbox 1092 1011 1130 1045; x_wconf 90' lang='lat' dir='ltr'>s.</span> 
     </span>
     <span class='ocr_line' id='line_1_12' title="bbox 982 1077 1503 1136; baseline 0.006 -13"><span class='ocrx_word' id='word_1_67' title='bbox 982 1077 1156 1125; x_wconf 89' lang='lat' dir='ltr'>Nullus</span> <span class='ocrx_word' id='word_1_68' title='bbox 1180 1094 1286 1126; x_wconf 91' lang='lat' dir='ltr'>sum</span> <span class='ocrx_word' id='word_1_69' title='bbox 1301 1113 1314 1136; x_wconf 86' lang='lat'>,</span> <span class='ocrx_word' id='word_1_70' title='bbox 1337 1078 1503 1126; x_wconf 86' lang='lat' dir='ltr'>occidi.</span> 
     </span>
    </p>
   </div>
   <div class='ocr_carea' id='block_1_5' title="bbox 573 1219 1148 1269">
    <p class='ocr_par' dir='ltr' id='par_1_5' title="bbox 573 1219 1148 1269">
     <span class='ocr_line' id='line_1_13' title="bbox 573 1219 1148 1269; baseline -0.005 0"><span class='ocrx_word' id='word_1_71' title='bbox 573 1219 958 1269; x_wconf 84' lang='lat' dir='ltr'><em>SCENA</em></span> <span class='ocrx_word' id='word_1_72' title='bbox 1036 1221 1148 1267; x_wconf 89' lang='lat' dir='ltr'>IV.</span> 
     </span>
    </p>
   </div>
   <div class='ocr_carea' id='block_1_6' title="bbox 267 1357 1456 1402">
    <p class='ocr_par' dir='ltr' id='par_1_6' title="bbox 267 1357 1456 1402">
     <span class='ocr_line' id='line_1_14' title="bbox 267 1357 1456 1402; baseline -0.002 -2"><span class='ocrx_word' id='word_1_73' title='bbox 267 1357 1456 1402; x_wconf 74' lang='lat' dir='ltr'><strong><em>CHARINUS,EUTYCHUS.</em></strong></span> 
     </span>
    </p>
   </div>
   <div class='ocr_carea' id='block_1_7' title="bbox 611 1489 1125 1524">
    <p class='ocr_par' dir='ltr' id='par_1_7' title="bbox 611 1489 1125 1524">
     <span class='ocr_line' id='line_1_15' title="bbox 611 1489 1125 1524; baseline -0.002 -1"><span class='ocrx_word' id='word_1_74' title='bbox 611 1489 1125 1524; x_wconf 88' lang='lat' dir='ltr'>CHARINUS.</span> 
     </span>
    </p>
   </div>
   <div class='ocr_carea' id='block_1_8' title="bbox 218 1543 1513 2326">
    <p class='ocr_par' dir='ltr' id='par_1_8' title="bbox 222 1543 1504 1729">
     <span class='ocr_line' id='line_1_16' title="bbox 222 1543 1504 1670; baseline -0.004 -14"><span class='ocrx_word' id='word_1_75' title='bbox 222 1543 317 1656; x_wconf 85' lang='lat' dir='ltr'>P</span> <span class='ocrx_word' id='word_1_76' title='bbox 321 1618 626 1656; x_wconf 79' lang='lat' dir='ltr'>ENTHEUM</span> <span class='ocrx_word' id='word_1_77' title='bbox 673 1605 918 1667; x_wconf 82' lang='lat' dir='ltr'>diripuisse</span> <span class='ocrx_word' id='word_1_78' title='bbox 946 1605 1082 1669; x_wconf 81' lang='lat' dir='ltr'>ajunt</span> <span class='ocrx_word' id='word_1_79' title='bbox 1114 1604 1325 1651; x_wconf 85' lang='lat' dir='ltr'>Bacchas.</span> <span class='ocrx_word' id='word_1_80' title='bbox 1356 1620 1504 1670; x_wconf 85' lang='lat' dir='ltr'>nugas</span> 
     </span>
     <span class='ocr_line' id='line_1_17' title="bbox 481 1693 1299 1729; baseline -0.009 0"><span class='ocrx_word' id='word_1_81' title='bbox 481 1697 726 1729; x_wconf 81' lang='lat' dir='ltr'>maxumas</span> <span class='ocrx_word' id='word_1_82' title='bbox 1298 1693 1299 1696; x_wconf 46' lang='lat'>¹</span> 
     </span>
    </p>

    <p class='ocr_par' dir='ltr' id='par_1_9' title="bbox 221 1751 1513 1875">
     <span class='ocr_line' id='line_1_18' title="bbox 221 1751 1506 1816; baseline -0.005 -14"><span class='ocrx_word' id='word_1_83' title='bbox 221 1756 378 1803; x_wconf 83' lang='lat' dir='ltr'>Fuisse</span> <span class='ocrx_word' id='word_1_84' title='bbox 403 1755 544 1801; x_wconf 80' lang='lat' dir='ltr'>credo</span> <span class='ocrx_word' id='word_1_85' title='bbox 562 1789 574 1811; x_wconf 83' lang='grc'>,</span> <span class='ocrx_word' id='word_1_86' title='bbox 598 1763 767 1815; x_wconf 88' lang='lat' dir='ltr'>praeut</span> <span class='ocrx_word' id='word_1_87' title='bbox 791 1767 892 1813; x_wconf 91' lang='lat' dir='ltr'>quo</span> <span class='ocrx_word' id='word_1_88' title='bbox 909 1762 1049 1813; x_wconf 92' lang='lat' dir='ltr'>pacto</span> <span class='ocrx_word' id='word_1_89' title='bbox 1070 1768 1158 1816; x_wconf 84' lang='lat' dir='ltr'>ego</span> <span class='ocrx_word' id='word_1_90' title='bbox 1185 1751 1395 1798; x_wconf 86' lang='lat' dir='ltr'>divorsus</span> <span class='ocrx_word' id='word_1_91' title='bbox 1416 1751 1506 1797; x_wconf 84' lang='lat' dir='ltr'>dis-</span> 
     </span>
     <span class='ocr_line' id='line_1_19' title="bbox 482 1829 1513 1875; baseline -0.012 -1"><span class='ocrx_word' id='word_1_92' title='bbox 482 1829 654 1874; x_wconf 78' lang='lat' dir='ltr'>trahor.</span> <span class='ocrx_word' id='word_1_93' title='bbox 1505 1869 1513 1875; x_wconf 46' lang='grc'>,</span> 
     </span>
    </p>

    <p class='ocr_par' dir='ltr' id='par_1_10' title="bbox 223 1897 1504 2028">
     <span class='ocr_line' id='line_1_20' title="bbox 223 1897 1504 1968; baseline -0.003 -18"><span class='ocrx_word' id='word_1_94' title='bbox 223 1903 321 1950; x_wconf 84' lang='lat' dir='ltr'>Cur</span> <span class='ocrx_word' id='word_1_95' title='bbox 352 1920 439 1968; x_wconf 87' lang='lat' dir='ltr'>ego</span> <span class='ocrx_word' id='word_1_96' title='bbox 471 1903 619 1949; x_wconf 82' lang='lat' dir='ltr'>vivo?</span> <span class='ocrx_word' id='word_1_97' title='bbox 653 1918 736 1948; x_wconf 86' lang='lat' dir='ltr'>cur</span> <span class='ocrx_word' id='word_1_98' title='bbox 763 1915 865 1945; x_wconf 90' lang='lat' dir='ltr'>non</span> <span class='ocrx_word' id='word_1_99' title='bbox 891 1897 1102 1944; x_wconf 81' lang='lat' dir='ltr'>morior?</span> <span class='ocrx_word' id='word_1_100' title='bbox 1137 1897 1256 1958; x_wconf 90' lang='lat' dir='ltr'>quid</span> <span class='ocrx_word' id='word_1_101' title='bbox 1289 1899 1407 1944; x_wconf 91' lang='lat' dir='ltr'>mihi</span> <span class='ocrx_word' id='word_1_102' title='bbox 1437 1910 1504 1946; x_wconf 87' lang='lat' dir='ltr'>est</span> 
     </span>
     <span class='ocr_line' id='line_1_21' title="bbox 481 1970 842 2028; baseline -0.011 -8"><span class='ocrx_word' id='word_1_103' title='bbox 481 1975 531 2020; x_wconf 89' lang='lat' dir='ltr'>in</span> <span class='ocrx_word' id='word_1_104' title='bbox 562 1974 658 2019; x_wconf 87' lang='lat' dir='ltr'>vita</span> <span class='ocrx_word' id='word_1_105' title='bbox 686 1970 842 2028; x_wconf 74' lang='lat' dir='ltr'>boni?</span> 
     </span>
    </p>

    <p class='ocr_par' dir='ltr' id='par_1_11' title="bbox 218 2038 1503 2166">
     <span class='ocr_line' id='line_1_22' title="bbox 218 2038 1503 2102; baseline -0.007 -6"><span class='ocrx_word' id='word_1_106' title='bbox 218 2047 490 2102; x_wconf 75' lang='lat' dir='ltr'>‚Certum’st</span> <span class='ocrx_word' id='word_1_107' title='bbox 507 2079 520 2102; x_wconf 81' lang='grc'>,</span> <span class='ocrx_word' id='word_1_108' title='bbox 550 2045 632 2090; x_wconf 88' lang='lat' dir='ltr'>ibo</span> <span class='ocrx_word' id='word_1_109' title='bbox 664 2043 724 2089; x_wconf 89' lang='lat' dir='ltr'>ad</span> <span class='ocrx_word' id='word_1_110' title='bbox 751 2041 994 2087; x_wconf 88' lang='lat' dir='ltr'>medicum</span> <span class='ocrx_word' id='word_1_111' title='bbox 1012 2073 1026 2098; x_wconf 82' lang='lat'>‚</span> <span class='ocrx_word' id='word_1_112' title='bbox 1057 2049 1202 2100; x_wconf 83' lang='lat' dir='ltr'>atque</span> <span class='ocrx_word' id='word_1_113' title='bbox 1226 2038 1295 2085; x_wconf 91' lang='lat' dir='ltr'>ibi</span> <span class='ocrx_word' id='word_1_114' title='bbox 1323 2056 1403 2086; x_wconf 87' lang='lat' dir='ltr'>me</span> <span class='ocrx_word' id='word_1_115' title='bbox 1426 2051 1503 2087; x_wconf 88' lang='lat' dir='ltr'><strong>to·-</strong></span> 
     </span>
     <span class='ocr_line' id='line_1_23' title="bbox 479 2114 944 2166; baseline -0.015 0"><span class='ocrx_word' id='word_1_116' title='bbox 479 2120 588 2166; x_wconf 84' lang='lat' dir='ltr'>xico</span> <span class='ocrx_word' id='word_1_117' title='bbox 620 2116 763 2163; x_wconf 86' lang='lat' dir='ltr'>morti</span> <span class='ocrx_word' id='word_1_118' title='bbox 794 2114 944 2161; x_wconf 85' lang='lat' dir='ltr'>dabo:</span> 
     </span>
    </p>

    <p class='ocr_par' dir='ltr' id='par_1_12' title="bbox 220 2186 1501 2326">
     <span class='ocr_line' id='line_1_24' title="bbox 220 2186 1501 2263; baseline -0.005 -23"><span class='ocrx_word' id='word_1_119' title='bbox 220 2191 434 2263; x_wconf 71' lang='lat' dir='ltr'>Quando</span> <span class='ocrx_word' id='word_1_120' title='bbox 459 2191 510 2237; x_wconf 90' lang='lat' dir='ltr'>id</span> <span class='ocrx_word' id='word_1_121' title='bbox 539 2189 656 2236; x_wconf 90' lang='lat' dir='ltr'>mihi</span> <span class='ocrx_word' id='word_1_122' title='bbox 678 2187 928 2245; x_wconf 82' lang='lat' dir='ltr'>adimitur,</span> <span class='ocrx_word' id='word_1_123' title='bbox 955 2202 1052 2248; x_wconf 84' lang='lat' dir='ltr'>qua</span> <span class='ocrx_word' id='word_1_124' title='bbox 1079 2201 1233 2232; x_wconf 84' lang='lat' dir='ltr'>caussa</span> <span class='ocrx_word' id='word_1_125' title='bbox 1249 2186 1398 2234; x_wconf 86' lang='lat' dir='ltr'>vitam</span> <span class='ocrx_word' id='word_1_126' title='bbox 1421 2202 1501 2233; x_wconf 82' lang='lat' dir='ltr'>cu-</span> 
     </span>
     <span class='ocr_line' id='line_1_25' title="bbox 474 2277 757 2326; baseline -0.014 -17"><span class='ocrx_word' id='word_1_127' title='bbox 474 2280 558 2326; x_wconf 74' lang='lat' dir='ltr'>pio</span> <span class='ocrx_word' id='word_1_128' title='bbox 586 2277 757 2309; x_wconf 75' lang='lat' dir='ltr'>vivere.</span> 
     </span>
    </p>
   </div>
   <div class='ocr_carea' id='block_1_9' title="bbox 221 2352 1124 2486">
    <p class='ocr_par' dir='ltr' id='par_1_13' title="bbox 221 2352 1124 2486">
     <span class='ocr_line' id='line_1_26' title="bbox 598 2352 1124 2390; baseline -0.01 0"><span class='ocrx_word' id='word_1_129' title='bbox 598 2357 629 2390; x_wconf 78' lang='grc' dir='ltr'>Ε</span> <span class='ocrx_word' id='word_1_130' title='bbox 666 2355 700 2388; x_wconf 89' lang='lat' dir='ltr'>U</span> <span class='ocrx_word' id='word_1_131' title='bbox 738 2355 769 2388; x_wconf 84' lang='lat' dir='ltr'>T</span> <span class='ocrx_word' id='word_1_132' title='bbox 805 2353 838 2386; x_wconf 80' lang='lat' dir='ltr'>Y</span> <span class='ocrx_word' id='word_1_133' title='bbox 877 2354 904 2386; x_wconf 88' lang='lat' dir='ltr'>c</span> <span class='ocrx_word' id='word_1_134' title='bbox 941 2352 975 2385; x_wconf 82' lang='grc' dir='ltr'>Η</span> <span class='ocrx_word' id='word_1_135' title='bbox 1011 2353 1047 2385; x_wconf 87' lang='lat' dir='ltr'>U</span> <span class='ocrx_word' id='word_1_136' title='bbox 1087 2353 1124 2387; x_wconf 92' lang='lat' dir='ltr'>s.</span> 
     </span>
     <span class='ocr_line' id='line_1_27' title="bbox 221 2422 1068 2486; baseline -0.009 -10"><span class='ocrx_word' id='word_1_137' title='bbox 221 2427 391 2486; x_wconf 80' lang='lat' dir='ltr'>Mane,</span> <span class='ocrx_word' id='word_1_138' title='bbox 422 2442 563 2474; x_wconf 82' lang='lat' dir='ltr'>mane</span> <span class='ocrx_word' id='word_1_139' title='bbox 594 2425 788 2472; x_wconf 79' lang='lat' dir='ltr'>obsecro</span> <span class='ocrx_word' id='word_1_140' title='bbox 807 2458 821 2482; x_wconf 85' lang='lat'><strong>,</strong></span> <span class='ocrx_word' id='word_1_141' title='bbox 851 2422 1068 2479; x_wconf 69' lang='lat' dir='ltr'>Charine.</span> 
     </span>
    </p>
   </div>
  </div>
 </body>
</html>
