1618 2866
216 162 319 223 ‚556
447 167 502 214 Μ
536 167 584 214 o
617 166 797 262 ⁵.TE
830 135 1239 227 LLA'RiA.
1364 183 1510 251 τεῶ

214 271 323 332 Jam
347 274 534 339 jubebo
561 279 723 343 ignem
754 293 802 328 et
829 295 1058 333 sasmenta
1071 320 1086 345 ‚
1120 289 1368 349 carnufex,
1408 291 1498 339 cit-

263 349 269 355 '
480 352 704 398 eumden-i.

676 439 707 471 T
742 441 775 474 R
810 438 845 474 A
881 443 915 475 N
951 443 973 476 1
1010 443 1059 478 ο.

219 487 295 535 Ne
322 490 464 538 faxis:
499 511 612 542 nam
654 499 802 546 elixus
833 517 955 560 esse,
993 519 1139 566 quam
1179 522 1330 566 assus,
1365 508 1496 555 soleo

470 582 666 615 suawor.

511 654 1227 700 THEUROPIDES.

216 706 448 772 Exempla
475 713 648 775 edepol
678 716 843 765 faciam
871 736 959 784 ego
990 722 1040 767 in
1063 734 1124 769 te.

668 804 699 838 Τ
735 807 769 839 R
805 806 840 838 A
878 807 910 840 Ν
948 808 970 841 1
1010 808 1059 842 o.

630 864 757 934 Quia
778 867 944 927 placeo
957 901 971 925 ‚
994 871 1271 932 exemplum
1301 874 1494 935 expetis·

501 945 1217 991 THEUROPIDES.

213 1000 472 1064 Loquere?
507 1009 815 1072 quojusmodi
842 1011 1044 1075 reliqui,
1073 1031 1226 1077 quom
1251 1016 1363 1066 hinc
1393 1018 1495 1066 abi·
1553 1072 1555 1075 ,

467 1079 580 1128 bam
597 1116 612 1140 ,
641 1083 833 1130 filium?

665 1169 696 1203 T
731 1171 766 1204 R
806 1171 841 1204 A
876 1172 911 1206 N
945 1173 966 1206 1
1003 1173 1051 1208 0.

213 1220 339 1270 Cum
365 1225 568 1287 pedibus
587 1262 600 1286 ‚
634 1231 885 1290 manibus,
919 1248 1030 1281 cum
1062 1234 1245 1300 digitis,
1269 1237 1459 1285 auribus
1472 1230 1495 1295 ,>

468 1300 640 1357 oculis,
666 1302 817 1348 labris.

504 1384 1216 1425 THEUROPIDES.

210 1439 592 1508 Aliudterogo.

664 1521 1045 1558 TRANIO.

625 1580 773 1629 Aliud
797 1599 907 1648 ergo
927 1600 1059 1631 nunc
1085 1585 1174 1631 tibi
1201 1587 1482 1648 respondeo,

209 1654 303 1702 Sed
326 1672 492 1703 eccum
509 1657 581 1703 tui
600 1656 729 1720 gnati
753 1657 963 1703 sodalem
983 1657 1126 1704 video
1148 1657 1244 1704 huc
1269 1659 1490 1708 incedere

207 1729 595 1777 Callidamatem:
636 1732 720 1776 illo
756 1741 997 1792 praesente
1034 1747 1226 1778 mecum
1260 1732 1385 1796 agito
1402 1766 1416 1791 ‚
1451 1733 1488 1779 si

460 1804 581 1866 quid
607 1806 750 1850 voles.

609 1930 935 1978 SCENA
1003 1932 1101 1977 II.

210 2046 870 2087 CALLIDAMATES,
932 2046 1519 2089 ΤΗΙΞΠΚΟΡΙΒΕΔῖ.Τ

695 2123 997 2159 TRANIO.

461 2231 1259 2278 CALLIDAMATE&

200 2285 366 2399 Um
393 2367 617 2399 somnum
648 2350 840 2412 sepelivi
865 2365 1088 2407 omnem,
1119 2360 1264 2410 atque
1305 2344 1481 2396 obdorf

448 2426 565 2472 mivi
599 2425 837 2486 crapulam
857 2457 873 2482 ,
