1618 2866
215 149 311 211 636
675 155 1012 207 PERSA.
1402 168 1494 216 v.8

373 204 393 224 D

212 258 438 321 Aquilam
456 266 596 312 mihi:
633 267 765 313 unde
795 280 882 332 e‘go
910 271 1061 316 omnis
1088 271 1281 331 hilaros,
1319 276 1492 323 luben-

461 350 527 385 tes
547 375 560 397 ,
595 340 893 388 laetificantes
926 343 1095 391 faciam
1125 358 1180 392 ut
1214 348 1328 395 fiant
1347 383 1362 406 ,

210 409 437 478 Quorum
464 431 605 477 opera
622 416 736 461 haec
755 418 872 463 mihi
892 418 1042 466 facilia
1059 421 1185 468 factu
1214 422 1330 470 facta
1351 439 1459 474 sunt
1473 461 1490 486 ‚

468 505 590 548 quae
620 490 754 535 volui
790 491 943 537 effieri.

205 551 330 602 Nam
358 556 565 619 inprobu
586 561 639 605 'st
671 561 818 608 homo
834 597 848 619 ‚
883 563 966 623 qui
994 564 1282 614 beneficium
1305 570 1391 616 scit
1408 588 1487 618 su-

459 648 618 690 mere,
653 645 700 679 et
734 634 931 681 reddere
965 639 1123 684 nescit.

498 732 1205 771 LEMNISELENE.

205 792 375 842 Toxile
401 798 499 856 mi,
530 816 612 845 cur
637 818 723 865 ego
756 802 853 848 sine
886 814 934 849 te
967 821 1100 862 sum,
1132 822 1214 852 cur
1245 819 1405 854 autem
1434 820 1488 856 tu

813 876 908 921 sine
939 893 1017 921 me
1054 878 1132 923 es?

625 965 656 997 T
693 967 725 999 o
762 967 799 1000 x
833 968 854 1000 1
889 968 919 1001 L
958 969 993 1001 U
1031 970 1068 1003 s.

1090 1020 1313 1086 Agedum
1341 1042 1450 1091 ergo
1467 1061 1484 1085 ‚

200 1086 417 1146 Accede,
449 1106 580 1147 mea,
606 1090 667 1136 ad
688 1109 795 1150 me,
827 1105 970 1155 atque
1003 1097 1284 1158 amplectere
1316 1099 1384 1144 sis.

489 1190 1200 1229 LEMNISELENE.

511 1259 613 1322 Ego
645 1276 770 1305 vero·
804 1260 890 1318 oh,
919 1261 1038 1308 nihil
1066 1264 1209 1328 magis
1242 1264 1381 1310 dulce
1401 1266 1478 1311 ’st!

198 1323 291 1373 Sed
306 1363 320 1385 ‚
344 1330 512 1375 amabo
528 1364 542 1387 ,
563 1332 725 1376 oculus
751 1349 906 1390 meus,
937 1335 1056 1394 quin
1081 1337 1211 1382 lectis
1236 1353 1322 1383 nos
1348 1348 1480 1383 actu-

450 1414 558 1448 tum
591 1406 997 1452 conmendamus?

619 1501 654 1538 Τ
687 1506 718 1538 o
755 1506 793 1538 x
827 1505 847 1537 1
884 1506 914 1537 1.
950 1505 982 1536 U
1021 1503 1056 1536 s.

167 1548 376 1606 'Omnia
411 1579 531 1622 quae
559 1574 615 1609 tu
646 1555 742 1622 vie,
773 1581 826 1610 ea
857 1564 1016 1626 cupio.

487 1665 1203 1701 LEMNISELENE.

453 1724 628 1770 Mutua
657 1726 778 1772 fiunt
809 1745 835 1772 a
866 1744 957 1773 me.
978 1744 1059 1790 age
1075 1762 1087 1784 ,
1110 1744 1216 1791 age,
1237 1741 1320 1799 age
1339 1741 1447 1790 ergo
1462 1759 1479 1784 ,

190 1794 270 1842 Tu
297 1795 539 1861 Sagaristio
559 1833 573 1855 ,
605 1801 833 1846 accumbe
862 1802 912 1846 in
945 1817 1154 1847 summo.-

522 1898 544 1931 S
581 1899 614 1932 A
654 1899 687 1931 G
722 1899 759 1935 A.
792 1901 825 1932 R
857 1901 877 1932 I
915 1900 937 1933 S
977 1901 1007 1932 T
1044 1901 1064 1933 Ι
1103 1901 1150 1933 Ο.

299 1961 399 2025 Ego
420 1962 538 2008 nihil
560 1980 740 2009 moror:
772 1963 891 2010 cedo
911 1981 1073 2026 parem
1089 1999 1102 2022 ,
1124 1981 1270 2026 quem
1287 1968 1473 2031 pepegi.

614 2063 645 2095 T
685 2063 716 2095 Ο
754 2063 791 2097 X
825 2062 845 2094 I
883 2062 914 2096 L
951 2061 986 2095 U
1021 2062 1058 2095 S.

190 2110 428 2175 Temperi.

517 2192 1158 2228 SAGARISTIO.

342 2253 461 2298 Mihi
481 2253 598 2299 istuc
617 2255 868 2316 Temperi,
893 2272 991 2301 sero
1005 2257 1071 2300 ’st.

611 2348 641 2379 T
681 2348 712 2380 o
751 2349 787 2382 x
822 2349 843 2380 1
881 2349 911 2381 Ι,
950 2347 984 2380 U
1021 2347 1060 2381 s.

463 2400 572 2453 Hoc
590 2423 673 2471 age
689 2441 702 2465 ,
723 2407 962 2454 accumbe.
982 2406 1109 2454 hunc
1130 2407 1259 2454 diem
1276 2423 1468 2455 suavem
