1618 2866
197 189 286 247 184
447 184 1180 235 MENAECHMEI.
1343 204 1467 250 v.52

545 308 572 340 P
609 308 637 339 E
673 308 707 340 N
742 308 764 340 Ι
799 309 825 340 c
863 307 899 340 U
935 309 965 342 L
999 308 1035 340 U
1072 309 1112 342 s.

190 371 470 431 Numquam
502 368 675 429 edepol
702 385 781 414 me
806 369 1060 430 quisquam
1089 369 1325 427 exorabit,
1347 370 1466 431 quin

447 454 557 487 tuae

187 515 334 561 Uxori
359 531 463 560 rem
494 530 690 559 omnem
715 514 845 576 jam,
880 513 953 559 uti
986 513 1044 558 sit
1073 524 1232 577 gesta,
1256 516 1462 576 eloquar.

188 587 368 632 Omnes
403 586 453 631 in
479 597 526 630 te
553 585 689 648 istaec
715 584 931 631 recident
963 587 1292 632 contumeliae.

186 659 314 704 Faxo
341 658 471 704 haud
499 659 711 704 inultum
741 659 997 720 prandium
1030 660 1301 722 comederis.

493 758 1159 820 MENAECHMU·S.

171 816 323 886 ·Quid
360 817 452 863 hoc
489 818 653 881 negoti
676 817 767 863 ’sti'
808 817 936 863 satin’
967 829 1021 863 ut
1061 835 1308 880 quemque
1346 836 1463 866 con-

441 905 622 949 splcor,

185 959 255 1004 Ita
283 975 361 1003 me
391 959 674 1005 ludificant?
706 959 788 1005 sed
816 961 1094 1023 concrepuit
1123 963 1310 1008 ostium.

504 1109 541 1154 S
591 1107 629 1154 C
672 1109 716 1156 E
760 1109 814 1155 N
850 1111 890 1156 A
970 1112 1124 1178 111.

231 1248 595 1286 ANCILLA,
644 1249 1189 1287 MENAECHMUS
1224 1240 1417 1290 Sosicles.

601 1381 1039 1416 ANCILLA.

179 1432 613 1544 MENAECHME
629 1532 642 1554 ‚
662 1514 814 1543 amare
833 1498 896 1543 ait
918 1509 964 1543 te
982 1499 1195 1544 multum
1209 1500 1451 1558 Erotium,

181 1569 244 1614 Ut
275 1569 367 1615 hoc
395 1586 526 1615 nunc
558 1585 652 1615 una
679 1587 820 1631 opera
850 1571 910 1616 ad
940 1571 1178 1616 aurificem
1203 1571 1407 1628 deferas,

183 1642 347 1701 Atque
375 1642 487 1688 huic
518 1654 573 1688 ut
607 1641 747 1688 addas
780 1643 877 1687 auri
903 1642 1069 1703 pondo
1103 1642 1319 1699 unciam,

175 1713 451 1774 Jubeasque
481 1714 692 1774 spinther
726 1731 909 1761 novum
939 1715 1325 1761 reconcinnarier.

467 1815 509 1847 M
546 1815 576 1847 E
613 1814 646 1847 N
683 1816 717 1848 A
754 1817 783 1848 E
822 1817 847 1848 C
887 1817 922 1849 H
957 1817 1000 1849 M
1037 1816 1071 1848 U
1108 1816 1146 1849 S.

175 1872 236 1917 Et
271 1872 397 1917 istud
417 1906 429 1929 ‚
464 1884 511 1919 et
543 1873 698 1931 aliud,
727 1875 763 1920 si
795 1875 915 1935 quid
944 1876 1090 1921 curari
1116 1876 1245 1921 volet
1266 1909 1280 1932 ,

174 1943 256 1988 Me
285 1947 560 1990 curaturum
590 1945 763 2004 dicito,
799 1946 1042 2008 quidquid
1070 1948 1212 1994 volet.

597 2041 632 2073 A
669 2042 701 2073 N
739 2042 765 2073 c
799 2042 821 2075 1
857 2042 887 2074 L
924 2042 954 2076 L
989 2043 1037 2076 A.

174 2098 295 2145 Scin'
325 2099 462 2161 quod
491 2101 583 2147 hoc
617 2101 674 2146 sit
701 2101 945 2162 spinther?

462 2198 505 2230 M
541 2198 571 2230 Ε
611 2197 644 2230 N
679 2197 714 2230 A
748 2198 777 2231 E
818 2199 844 2231 c
883 2199 917 2232 Η
953 2199 993 2231 Μ
1032 2199 1066 2243 U
1103 2199 1140 2233 s.

883 2257 1051 2304 Nescio
1085 2258 1171 2304 nisi
1202 2276 1418 2322 aureum.

590 2351 624 2383 A
660 2352 692 2384 N
730 2334 761 2384 c
794 2352 815 2384 1
853 2352 882 2385 L
919 2353 949 2386 L
985 2354 1033 2386 A.

171 2410 280 2457 Hoc
307 2422 398 2469 est,
431 2410 568 2472 quod
601 2411 716 2457 olim
740 2412 1010 2458 clanculum
1046 2429 1105 2459 ex
1133 2413 1331 2461 armario
