1618 2866
266 184 361 232 512
494 166 1295 218 MOSTELLARIA.
1428 185 1551 232 v.52

262 278 435 350 Quid,
464 279 501 324 si
530 279 606 325 hic
635 278 843 325 manebo
872 279 1035 342 potius
1062 278 1125 326 ad
1148 279 1436 330 meridiem?

723 372 755 405 Τ
789 373 823 406 R
859 372 894 405 A
929 373 963 406 N
1000 372 1021 405 1
1059 372 1108 406 o.

262 434 423 480 Immo
446 432 525 479 abi
543 433 762 480 domum.
781 448 951 478 verum
966 431 1124 479 hercle
1142 431 1274 479 dico:
1294 431 1372 479 abi
1383 431 1552 480 modo.
1609 475 1612 480 .

683 526 719 559 D
756 525 791 558 A
825 525 858 558 N
894 524 915 556 1
954 524 977 558 s
1014 524 1046 557 Τ
1082 524 1134 557 A.

259 585 399 655 Quin
428 602 514 634 vos
538 585 659 632 mihi
691 585 829 631 fenus
857 584 979 630 date.
1016 583 1140 645 quid
1174 583 1455 648 ungamini?

715 672 749 705 T
783 673 818 706 R
853 671 888 704 A
925 672 958 705 N
996 671 1018 703 1
1055 671 1104 705 O.
1188 693 1192 695 >

259 734 365 793 Eu,
392 735 577 792 hercle,
604 749 694 780 nae
729 744 783 779 tu
815 733 893 779 abi
917 731 1083 778 modo.
1115 733 1326 779 ausculta
1352 731 1486 779 mihi.

678 822 714 854 D
751 821 786 853 A
821 821 854 854 N
891 820 912 853 Ι
956 821 978 854 S
1018 819 1051 852 Τ
1086 818 1136 852 A.

254 881 362 943 Jam
378 917 393 940 ‚
422 884 606 941 hercle,
643 899 732 947 ego
762 883 912 928 illunc
945 880 1224 928 nominabo.

713 977 745 1009 Τ
781 978 817 1012 R
851 973 887 1010 A
920 978 954 1011 N
989 978 1012 1011 1
1048 976 1099 1009 o.

1176 1027 1310 1094 Euge
1336 1026 1547 1074 strenue!

255 1099 427 1148 Beatus
452 1117 567 1150 vero
592 1117 638 1149 es
666 1117 799 1149 nunc
815 1136 830 1159 ‚
859 1117 1015 1163 quom
1043 1103 1224 1150 clamas.

658 1196 714 1238 *D
749 1194 786 1228 A
822 1195 857 1229 N
891 1194 913 1227 1
950 1195 974 1229 s
1009 1195 1042 1228 Τ
1077 1196 1127 1229 A.

1217 1247 1386 1295 Meum
1415 1249 1546 1310 peto.

255 1319 437 1365 Multos
471 1336 551 1364 me
575 1320 667 1364 hoc
693 1330 834 1380 pacto
855 1320 957 1383 jam
988 1320 1085 1366 dies
1114 1319 1414 1367 frustramini.

253 1391 481 1438 Molestus
504 1391 541 1436 si
568 1408 703 1447 sum,
734 1391 921 1437 reddite
955 1405 1204 1457 argentum
1224 1427 1239 1450 ,
1274 1392 1447 1440 abiero.

252 1465 599 1527 Responsiones
626 1465 781 1510 omnis
813 1465 907 1510 hoc
928 1466 1078 1511 verbo
1109 1465 1288 1528 eripite.

708 1558 740 1591 T
776 1558 811 1592 R.
845 1557 881 1591 A
914 1558 949 1591 N
986 1557 1008 1590 I
1047 1558 1098 1591 Ο.

253 1611 444 1660 Sortem
474 1612 647 1674 accipe.

668 1690 704 1722 D
741 1687 775 1720 A
811 1689 845 1722 Ν
882 1687 905 1720 1
942 1686 965 1721 s
1003 1687 1034 1720 Τ
1070 1687 1120 1720 A.

679 1749 840 1793 Immo
869 1745 1033 1805 fenus,
1063 1747 1116 1793 id
1142 1746 1357 1809 primum
1379 1749 1509 1797 volo.

706 1832 738 1864 Τ
774 1834 807 1865 R
843 1832 878 1864 A
913 1832 947 1865 N
981 1832 1004 1864 1
1042 1832 1092 1864 ο.

251 1892 390 1963 Quid
419 1903 474 1939 tu
490 1927 503 1950 ,
531 1892 683 1938 homo
705 1893 963 1938 hominum
992 1894 1213 1939 omnium
1239 1893 1508 1951 teterrime,

249 1965 434 2013 Venisti
450 1966 545 2013 huc
563 1963 896 2012 extentatum?
919 1980 1020 2028 agas
1034 1999 1048 2022 ‚
1070 1963 1208 2026 quod
1219 1963 1271 2010 in
1287 1980 1436 2011 manu
1453 1976 1535 2014 est.

248 2038 363 2087 Non
387 2039 495 2100 dat,
524 2055 627 2086 non
662 2038 819 2085 debet.

664 2128 701 2163 D
741 2127 776 2160 A
814 2127 849 2160 N
886 2126 908 2159 1
943 2126 966 2160 S
1005 2126 1037 2159 T
1072 2125 1122 2160 A.

799 2186 913 2232 Non
940 2186 1119 2233 debet?

706 2281 738 2315 Τ
773 2282 807 2316 R
842 2281 878 2314 A
913 2281 947 2315 Ν
983 2279 1006 2313 1
1043 2280 1092 2313 ο.

298 2367 304 2388 ι
1078 2340 1179 2387 Nec
1206 2340 1292 2387 erit
1321 2338 1532 2402 quidem.

249 2415 386 2464 Ferre
403 2415 496 2462 hoc
514 2414 680 2477 potes?
703 2429 763 2462 an
779 2414 951 2473 mavis,
973 2424 1030 2461 ut
1047 2413 1208 2475 aliquo
1232 2412 1367 2461 abeat
1380 2408 1533 2458 foras?
