1618 2866
34 178 196 238 v.11'1
329 179 620 230 ACTUS
674 180 799 226 111.
847 177 951 227 SC.
1003 179 1041 225 Ι.
1221 197 1325 243 395.

35 298 181 345 Nunc
219 295 346 342 bene
361 294 475 341 vivo
491 327 506 350 ‚
542 302 590 338 et
613 291 852 338 fortunate
869 324 884 348 ,
917 302 1063 353 atque
1084 301 1140 338 ut
1167 293 1282 340 volo
1299 325 1318 350 ‚

288 380 435 429 atque
469 367 630 413 animo
663 377 719 413 ut
750 365 914 411 lubet:

37 444 146 491 Mea
172 444 302 490 bona
329 457 435 488 mea
464 451 621 485 morte
648 438 855 503 cognatis
884 437 1067 495 dicam,
1094 437 1218 484 inter
1241 452 1320 485 eos

298 514 511 577 partiam.

39 591 118 637 llli
153 587 284 651 apud
320 605 400 633 me
435 586 619 642 edunt,
651 600 731 630 me
766 595 962 642 curant,
1006 585 1169 632 visunt
1202 583 1325 647 quid

291 675 425 723 agam
443 691 458 714 ,
487 656 664 717 ecquid
695 657 855 702 velim.

42 734 321 795 Priusquam
358 733 488 779 lucet
506 767 520 789 ‚
557 742 715 777 assunt
739 735 760 777 s
801 730 1008 795 rogitant
1027 764 1041 787 ,
1079 741 1229 777 noctu
1268 740 1326 778 ut

292 819 518 850 somnum
551 819 772 864 ceperlm.

40 878 137 927 Eos
152 893 241 939 pto
258 876 416 923 libe1is
430 877 601 923 habeo.
620 876 741 936 quin
757 876 877 921 mihi
893 876 1095 922 mittunt
1111 893 1324 923 munera.

45 948 345 1006 Sacrificant?
381 949 497 995 dant
530 949 643 994 inde
678 960 862 1009 partem
894 948 1013 993 mihi
1055 951 1286 1013 majorem
1307 984 1323 1007 ,

303 1039 452 1084 quam
486 1022 602 1067 sibi·
927 1043 946 1049 ·*

48 1095 317 1143 Abducunt
342 1095 403 1141 ad
425 1105 557 1139 exta:
593 1109 671 1138 me
696 1092 757 1138 ad
782 1110 829 1139 se
860 1093 922 1140 ad
948 1094 1235 1156 prandium,
1268 1094 1331 1141 ad

301 1183 501 1215 coenam
524 1177 713 1213 vocant.

49 1241 137 1286 Ille
169 1240 504 1286 miserrumum
535 1256 582 1285 se
616 1249 771 1296 retur,
803 1239 1063 1287 minimum
1093 1242 1178 1303 qui
1205 1242 1331 1289 misit

304 1312 438 1358 mihi.

54 1385 130 1430 Illi
155 1385 278 1431 inter
299 1401 346 1431 se
369 1394 549 1431 certant
575 1382 725 1430 donis.
748 1399 836 1447 ego
855 1384 970 1430 haec
994 1400 1188 1432 mecum
1204 1403 1330 1433 mus-

303 1469 392 1504 sito
411 1477 424 1503 :

54 1530 186 1577 Bona
201 1547 308 1577 mea
325 1531 530 1576 inhiant:
555 1531 769 1577 certatim
786 1530 915 1576 dona
936 1530 1140 1576 mittunt
1161 1541 1217 1576 et.
1225 1546 1332 1577 mu·

311 1619 436 1649 nera.

376 1700 407 1732 Ρ
443 1698 478 1731 Α
512 1697 543 1730 1.
579 1695 614 1730 A
650 1699 681 1731 E
719 1697 742 1730 s
779 1698 810 1730 'r
846 1698 881 1731 R
915 1698 936 1730 1
973 1697 1022 1731 o.

55 1751 205 1803 Nimis
243 1758 374 1804 bona
404 1758 585 1803 ratione
606 1791 621 1815 ,
656 1757 966 1819 nimiumque
999 1756 1062 1803 ad
1091 1767 1141 1803 te
1172 1767 1221 1802 et
1252 1767 1334 1802 tua

247 1886 250 1889 ¹
313 1842 368 1877 tu
393 1832 607 1877 multum
632 1830 778 1876 vides.

58 1899 120 1948 Et
143 1902 233 1949 tibi
255 1913 367 1949 sunt
385 1903 562 1967 gemini
578 1938 592 1961 ‚
614 1913 662 1949 et
688 1903 954 1968 trigemini,
978 1902 1015 1949 si
1040 1913 1089 1948 te
1106 1902 1231 1956 bene
1252 1903 1336 1949 ha·-

309 1975 391 2022 bes
409 2011 424 2034 ‚
456 1975 553 2021 filii.

223 2066 1199 2101 PERIPLECTOMENES.

63 2124 179 2181 Pol,
204 2124 241 2169 si
267 2125 532 2173 habuissem
549 2162 564 2186 ,
589 2128 693 2174 satis
721 2127 946 2188 cepissem
966 2127 1257 2174 miseriarum
1283 2126 1336 2172 li-

70 2261 319 2307 Censerem
335 2263 495 2308 emori.
517 2264 815 2311 cecidisseme
833 2265 1010 2324 ebrius,
1033 2276 1117 2311 aut
1134 2265 1194 2310 de
1213 2280 1341 2324 equo

322 2349 526 2394 uspiam:

68 2404 352 2463 Metuerem‚
361 2421 423 2452 ne
435 2406 503 2452 ibi
516 2407 778 2471 defregisset
792 2427 926 2457 crura
938 2420 1020 2456 aut
1031 2409 1228 2454 cervices
1240 2406 1339 2452 sibi.
