1618 2866
225 184 374 250 '176
556 193 1292 259 MENAECHMEI.
1433 204 1563 261 v..56

677 314 708 346 E
744 314 778 347 R
817 314 848 346 Ο
887 314 919 347 Τ
953 315 976 348 Ι
1011 314 1047 348 U
1082 317 1140 349 M.

279 385 393 432 Non
412 400 498 448 ego
522 394 570 428 te
594 383 710 428 novi
727 383 1124 443 Menaechmum,
1139 385 1336 434 Moscho
1355 405 1561 454 progna-

533 467 640 501 tum
665 456 828 517 patre?

280 529 385 597 Qui
412 527 642 590 Syracusis
668 527 915 588 perhibere
943 540 1080 575 natus
1111 547 1202 576 esse
1226 530 1275 576 in
1302 529 1480 588 Sicilia,

277 602 374 648 Ubi
417 602 522 648 Rex
562 600 841 663 Agathocles
882 614 1100 667 regnator
1141 603 1262 660 fuit,
1303 613 1351 650 et
1385 603 1560 651 iterum

532 675 1379 719 Pi11thia:-

279 748 501 794 Tertium
527 747 728 809 Liparo,
756 748 842 808 qui
868 748 920 794 in
948 759 1102 795 morte
1137 766 1341 814 regnum
1362 745 1563 798 Hieroni

533 822 738 867 tradidit.

272 895 415 943 Nunc
442 895 591 942 Hiero
610 897 676 941 ’st.

574 995 615 1028 M
650 996 679 1028 E
716 996 750 1028 N
785 995 820 1028 A
855 996 885 1029 E
925 998 951 1029 C
990 997 1024 1030 H
1060 997 1102 1030 M
1139 997 1173 1030 U
1210 997 1247 1032 S.

473 1065 622 1114 Haud
647 1064 789 1123 falso,
819 1064 1017 1122 mulier,
1043 1065 1290 1126 praedicas.

665 1165 707 1198 M
744 1164 774 1196 E
813 1163 836 1197 S
861 1162 898 1197 ς
934 1165 964 1196 Ε
1000 1165 1034 1198 N
1071 1164 1092 1198 I
1126 1165 1173 1198 Ο.

1162 1231 1166 1235 ’
1204 1224 1296 1271 Pro
1315 1218 1560 1288 Juppiter!

277 1300 412 1347 Num
444 1301 582 1346 istaec
623 1297 796 1343 mulier
824 1297 955 1345 illinc
990 1298 1151 1357 venit,
1186 1314 1311 1360 quae
1344 1309 1392 1346 te
1423 1299 1563 1347 novit

534 1383 633 1414 tam
664 1369 803 1414 cate?

576 1462 618 1493 M
653 1462 682 1493 Ε
720 1463 752 1494 Ν
788 1462 822 1495 A
857 1464 887 1496 E
924 1465 950 1496 c
988 1465 1021 1496 H
1058 1460 1101 1498 Μ
1138 1465 1172 1497 U
1210 1465 1250 1500 s.

278 1532 452 1579 Hercle
487 1531 657 1592 opinor
684 1532 927 1595 pernegari
963 1549 1064 1578 non
1090 1544 1265 1595 potest.
1287 1549 1290 1551 ·

661 1609 1214 1663 Μιὲ-εεΕ’Νιο.’
1551 1628 1595 1673 χ

1248 1683 1527 1731 Νθκῐεςεῐὶε.

279 1747 470 1804 Peristi,
495 1746 531 1791 si
552 1746 747 1792 intrassis
777 1746 897 1792 intra
926 1747 1088 1793 limen.

578 1844 1250 1880 MENAECHMUS.

1087 1913 1225 1982 Quin
1255 1923 1356 1958 tace
1380 1912 1555 1959 modo:

277 1982 407 2030 Bene
444 1999 513 2028 res
550 1982 750 2046 geritur:
787 1983 1076 2042 assentabor,
1115 1984 1356 2046 quidquid
1393 1984 1521 2031 dicet
1541 2019 1557 2044 ,

536 2054 745 2099 mulieri:

278 2127 327 2174 Si
347 2128 521 2190 possim
545 2128 807 2188 hospitium
833 2129 1047 2176 nancisci.
1085 2127 1413 2188 jamdudum,
1445 2147 1557 2178 mu-

538 2200 646 2257 lier,
681 2201 768 2246 tibi

279 2274 393 2321 Non
415 2274 674 2336 inprudens
697 2275 996 2322 advorsabar:
1026 2276 1156 2322 hunc
1174 2277 1474 2335 metuebam,
1492 2292 1555 2334 ne

531 2364 664 2394 meae

279 2421 426 2469 Uxori
453 2423 742 2470 renuntiaret
770 2423 829 2469 de
859 2425 981 2484 palla
1012 2435 1058 2471 et
1087 2424 1147 2470 de
1171 2424 1386 2486 prandio.
