1618 2866
285 196 348 240 u
635 178 1208 227 CURCULIQ
1343 245 1347 248 .
1435 183 1560 242 w&

604 296 1284 334 PHAEDROMUS„

838 371 999 418 Immo
1030 373 1082 419 in
1113 373 1352 421 lancibus:

288 443 434 512 ¹Quae
461 443 549 490 tibi
582 453 694 490 sunt
719 455 878 505 parata
893 479 907 503 ,
942 456 1201 515 postqum:¹
1231 445 1416 494 sciimus
1446 462 1564 495 ven-

1130 529 1310 565 turum.

677 616 706 649 c
743 616 779 649 U
815 618 847 651 R
885 616 912 648 c
950 616 985 650 U
1021 615 1052 649 Ι,
1087 617 1107 649 1
1147 616 1196 650 o.

1411 676 1568 736 Vide,

293 751 368 799 Ne
394 767 472 798 me
498 752 644 799 ludas.

602 848 1272 885 PHAEDROMUS.

547 926 619 972 Ita
637 941 717 972 me
742 925 919 972 amabit
932 959 947 983 ‚
967 942 1114 987 quam
1136 941 1224 991 ego
1246 942 1355 972 amo
1372 959 1386 983 ,
1405 935 1461 972 ut
1485 939 1571 990 ego

1070 1006 1202 1055 haud
1226 1007 1446 1054 mentior.

299 1082 393 1130 Sed
420 1098 519 1143 quo
539 1091 586 1128 te
613 1080 746 1139 misi,
765 1080 918 1127 nihilo
939 1084 1046 1127 sum
1070 1079 1252 1127 certior.

689 1181 717 1215 c
755 1182 789 1215 U
825 1183 859 1216 R
896 1182 924 1215 c
963 1182 997 1215 U
1033 1182 1064 1215 1.
1098 1183 1118 1216 1
1152 1181 1202 1215 ο.

1264 1247 1397 1310 Nihil
1424 1247 1576 1294 attuli.

609 1347 637 1379 P
677 1347 711 1380 H
745 1347 780 1380 A
813 1348 845 1381 E
881 1349 916 1381 D
953 1350 987 1382 R
1019 1349 1054 1381 0
1091 1347 1135 1380 M
1169 1347 1207 1380 U
1240 1347 1282 1383 s.
1506 1336 1509 1337 ’

302 1421 550 1471 Perdidisti
578 1437 670 1466 me.
1311 1408 1320 1415 ’

702 1520 735 1554 c
769 1519 805 1552 U
840 1520 874 1553 R
908 1519 936 1552 c
972 1518 1007 1551 U
1044 1519 1074 1552 L
1108 1520 1131 1554 1
1165 1518 1215 1553 ο.

563 1598 783 1645 Invenire
804 1595 979 1658 possim
992 1630 1006 1653 ,
1034 1597 1071 1642 si
1094 1596 1216 1644 mihi
1235 1612 1428 1658 operam
1450 1595 1579 1642 datis,

307 1675 565 1735 Postquam
595 1682 684 1718 tuo
711 1671 844 1733 jussu
874 1667 1112 1730 profectus
1140 1686 1277 1728 sum,
1307 1668 1503 1732 perveni
1530 1669 1583 1716 in

567 1743 763 1789 Cariam.

306 1819 465 1874 ,Video
484 1829 626 1864 tuum
654 1816 889 1872 sodalem,
906 1816 1085 1879 argenti
1107 1832 1226 1882 rogo
1249 1814 1322 1862 uti
1343 1814 1479 1862 faciat
1502 1830 1583 1861 co-

560 1906 703 1952 piam.

310 1965 455 2014 Scires
478 1964 601 2010 velle
630 1961 824 2027 gratiam
855 1971 1018 2011 tuam3
1054 1961 1213 2008 noluit
1237 1959 1518 2008 frustrarier:

310 2045 377 2094 Ut
400 2044 537 2090 decet
564 2043 686 2090 velle
716 2041 965 2087 hominem
994 2041 1203 2089 amicum
1232 2041 1384 2088 amico
1399 2074 1414 2098 ,
1439 2051 1584 2102 atque

564 2114 847 2176 opitularier.
1540 2123 1544 2126 ’

313 2186 576 2251 Respondit
605 2186 725 2232 mihi
756 2187 915 2248 paucis
943 2186 1121 2246 verbiS,
1143 2197 1290 2248 atque
1319 2186 1438 2234 adeo
1467 2185 1586 2234 fide-

565 2259 671 2304 liter
684 2293 699 2315 ‚

315 2333 470 2404 Quod
502 2332 591 2380 tibi
627 2343 694 2377 est
712 2366 727 2388 ,
758 2332 875 2382 item
909 2332 996 2380 sibi
1029 2348 1122 2379 esse
1156 2348 1378 2398 magnam
1403 2331 1586 2398 argenti

565 2405 791 2467 inopiam.
