1618 2866
221 179 318 229 960
570 154 1169 215 MERCATOR.
1373 162 1501 210 v.95

220 281 271 329 Si
307 280 437 325 illam
468 273 608 321 matri
628 284 775 316 rmeae
808 266 970 313 emisse
1005 263 1173 310 dicam.
1202 270 1313 324 post
1345 269 1508 306 autem

475 345 611 393 mihi*

227 426 389 474 Scelus
406 421 599 468 videtur
610 452 623 475 ‚
652 431 731 462 me
747 411 932 476 parenti
945 407 1175 472 proloqui
1191 404 1511 452 mendacium.
1543 453 1546 455 ,

225 500 402 560 Neque
423 496 502 541 ille
529 490 690 538 credet
705 523 719 546 ,
744 502 907 547 neque
928 481 1154 530 credibile
1169 479 1225 525 ’st
1241 476 1392 526 forma
1417 473 1514 521 exi<

479 565 575 611 mia
601 561 852 608 mulierem
869 592 884 614 ,

225 645 346 693 Eam
375 655 455 686 me
481 637 643 684 emisse
674 632 892 679 ancillam
923 627 1075 675 inatri.

602 730 636 763 A
673 729 700 760 c
737 727 772 760 A
804 727 839 760 Ν
881 725 912 756 T
951 723 986 756 H
1021 722 1042 754 1
1079 720 1128 753 ο.
1190 706 1196 709 ’

862 785 977 831 Non
1010 793 1132 829 taces
1148 814 1162 837 ,
1197 775 1519 824 stultissume?

232 870 408 920 Credet
429 867 611 915 hercle:
644 879 758 910 nam
784 860 1004 908 credebat
1026 858 1128 921 jam
1158 854 1292 900 mihi.

625 958 654 999 G
691 958 726 991 H
759 956 796 990 A
830 958 864 990 R
898 954 920 987 1
954 955 988 987 N
1025 951 1060 984 U
1097 950 1134 984 S.

1162 1001 1332 1048 Metuo
1354 1000 1520 1056 miser,

236 1090 312 1138 Ne
339 1098 523 1150 patrem
549 1083 839 1148 prehendat,
868 1090 925 1126 ut
944 1079 1002 1124 sit
1021 1086 1148 1142 gesta
1175 1091 1245 1121 res
1260 1108 1275 1132 ,
1306 1071 1521 1135 suspicio.

238 1163 349 1211 Hoc
374 1159 512 1223 quod
541 1171 589 1205 te
616 1173 737 1221 rogo
761 1151 1025 1216 responde,
1057 1163 1245 1210 quaeso.

633 1254 669 1286 A
708 1252 734 1284 c
772 1250 807 1284 A
844 1250 876 1282 N
914 1247 945 1279 T
980 1245 1016 1279 Η
1049 1245 1071 1277 1
1107 1243 1157 1276 o.
1512 1264 1515 1266 ,

1195 1291 1335 1364 Quid
1356 1287 1527 1357 rogas?

636 1390 662 1421 c
701 1388 736 1421 H
770 1386 805 1419 A
839 1386 873 1419 R
909 1384 929 1416 1
963 1383 997 1415 N
1034 1381 1069 1413 U
1107 1380 1144 1414 s.

245 1458 379 1505 Num
406 1468 499 1501 esse
527 1448 727 1497 amicam
755 1443 971 1506 suspicari
1005 1442 1128 1488 visus
1162 1440 1268 1487 est?

637 1543 674 1575 A
708 1541 735 1573 c
772 1539 807 1572 A
831 1537 876 1571 N
902 1536 941 1568 ,Τ
978 1535 1013 1568 Η
1046 1534 1069 1566 1
1105 1534 1153 1566 o.

1157 1594 1271 1640 Non
1295 1593 1418 1638 visus
1451 1599 1530 1636 est.

253 1683 394 1754 Quin
412 1678 632 1743 quidque
647 1711 661 1734 ,
681 1686 737 1722 ut
756 1672 972 1720 dicebam
989 1705 1004 1728 9
1022 1668 1142 1716 mihi
1158 1665 1391 1714 credebat.

642 1770 669 1802 c
707 1768 742 1802 H
777 1766 811 1799 A
847 1766 880 1799 R
918 1765 938 1797 1
974 1764 1009 1809 N
1046 1761 1082 1794 U
1118 1760 1158 1794 s.

884 1824 1066 1871 Verum
1083 1855 1098 1879 ‚
1127 1831 1182 1867 ut
1211 1819 1300 1866 tibi
1331 1816 1533 1880 quidem

239 1899 388 1952 'Visus
419 1908 498 1944 est.

643 1979 677 2012 A
712 1979 738 2011 c
776 1978 810 2010 A
847 1978 881 2010 N
909 1974 949 2007 ’Τ
985 1973 1020 2006 Η
1053 1973 1074 2005 1
1111 1973 1159 2006 o.

450 2040 588 2090 Non3
620 2038 702 2084 sed
733 2035 966 2083 credebat.

648 2134 674 2164 c
716 2132 749 2165 H
786 2130 820 2162 A
855 2131 888 2163 R
920 2128 944 2160 1
984 2128 1018 2160 N
1056 2125 1091 2158 U
1128 2125 1166 2159 s.

723 2190 824 2237 Vae
853 2187 971 2233 mihi
999 2185 1194 2232 misero!
1228 2183 1387 2230 nullus
1416 2197 1538 2227 sum.
1615 2185 1617 2187 ’

256 2270 351 2321 Sed
379 2267 499 2332 quid
526 2283 613 2332 ego
640 2265 717 2311 hic
745 2264 795 2308 in
822 2259 1128 2308 lamentando
1156 2275 1328 2321 pereo,
1363 2256 1430 2307 ad,
1454 2271 1538 2302 na-
1612 2259 1618 2265 ‘

510 2340 610 2397 vim
636 2353 737 2385 non
766 2334 860 2381 eo?

255 2408 479 2470 Sequere.
