<?xml version="1.0" encoding="UTF-8"?>
<!DOCTYPE html PUBLIC "-//W3C//DTD XHTML 1.0 Transitional//EN"
    "http://www.w3.org/TR/xhtml1/DTD/xhtml1-transitional.dtd">
<html xmlns="http://www.w3.org/1999/xhtml" xml:lang="en" lang="en">
 <head>
  <title>
</title>
<meta http-equiv="Content-Type" content="text/html;charset=utf-8" />
  <meta name='ocr-system' content='tesseract 3.04.00' />
  <meta name='ocr-capabilities' content='ocr_page ocr_carea ocr_par ocr_line ocrx_word'/>
</head>
<body>
  <div class='ocr_page' id='page_1' title='image "./comoediaesuperst02plauuoft_0347.png"; bbox 0 0 1618 2866; ppageno 0'>
   <div class='ocr_carea' id='block_1_1' title="bbox 315 157 1415 237">
    <p class='ocr_par' dir='ltr' id='par_1_1' title="bbox 315 157 1415 237">
     <span class='ocr_line' id='line_1_1' title="bbox 315 157 1415 237; baseline 0.028 -20"><span class='ocrx_word' id='word_1_1' title='bbox 315 157 1153 236; x_wconf 73' lang='lat' dir='ltr'><strong>,ARGUMENTUM-</strong></span> <span class='ocrx_word' id='word_1_2' title='bbox 1318 188 1415 237; x_wconf 81' lang='lat'><em>³³9</em></span> 
     </span>
    </p>
   </div>
   <div class='ocr_carea' id='block_1_2' title="bbox 59 261 1418 1877">
    <p class='ocr_par' dir='ltr' id='par_1_2' title="bbox 59 261 1418 1877">
     <span class='ocr_line' id='line_1_2' title="bbox 118 261 1410 345; baseline 0 -17"><span class='ocrx_word' id='word_1_3' title='bbox 118 281 241 328; x_wconf 84' lang='lat' dir='ltr'><em>bulae</em></span> <span class='ocrx_word' id='word_1_4' title='bbox 267 290 332 326; x_wconf 92' lang='lat' dir='ltr'><em>est</em></span> <span class='ocrx_word' id='word_1_5' title='bbox 347 279 484 326; x_wconf 89' lang='lat' dir='ltr'>Miles</span> <span class='ocrx_word' id='word_1_6' title='bbox 504 279 748 326; x_wconf 85' lang='lat' dir='ltr'>Gloriosus</span> <span class='ocrx_word' id='word_1_7' title='bbox 764 313 779 337; x_wconf 84' lang='lat'>‚</span> <span class='ocrx_word' id='word_1_8' title='bbox 810 279 860 325; x_wconf 91' lang='lat' dir='ltr'><em>de</em></span> <span class='ocrx_word' id='word_1_9' title='bbox 875 296 1059 345; x_wconf 88' lang='lat' dir='ltr'><em>persona</em></span> <span class='ocrx_word' id='word_1_10' title='bbox 1087 291 1129 327; x_wconf 88' lang='lat' dir='ltr'><em>et</em></span> <span class='ocrx_word' id='word_1_11' title='bbox 1154 297 1200 327; x_wconf 88' lang='lat' dir='ltr'><em>re</em></span> <span class='ocrx_word' id='word_1_12' title='bbox 1212 261 1410 345; x_wconf 68' lang='lat' dir='ltr'><em>fabtum.</em></span> 
     </span>
     <span class='ocr_line' id='line_1_3' title="bbox 116 353 1410 420; baseline -0.002 -15"><span class='ocrx_word' id='word_1_13' title='bbox 116 373 219 405; x_wconf 86' lang='lat' dir='ltr'><em>nam</em></span> <span class='ocrx_word' id='word_1_14' title='bbox 247 356 489 409; x_wconf 88' lang='lat' dir='ltr'>Gloriosus</span> <span class='ocrx_word' id='word_1_15' title='bbox 509 356 789 416; x_wconf 88' lang='lat' dir='ltr'><em>gloriatorem</em></span> <span class='ocrx_word' id='word_1_16' title='bbox 813 357 1063 420; x_wconf 84' lang='lat' dir='ltr'><em>significat:</em></span> <span class='ocrx_word' id='word_1_17' title='bbox 1087 359 1162 420; x_wconf 81' lang='lat' dir='ltr'><em>qui</em></span> <span class='ocrx_word' id='word_1_18' title='bbox 1185 370 1250 403; x_wconf 89' lang='lat' dir='ltr'><em>est</em></span> <span class='ocrx_word' id='word_1_19' title='bbox 1281 353 1410 403; x_wconf 69' lang='grc' dir='ltr'>ἀλει-</span> 
     </span>
     <span class='ocr_line' id='line_1_4' title="bbox 120 418 1413 492; baseline 0.003 -17"><span class='ocrx_word' id='word_1_20' title='bbox 120 418 227 491; x_wconf 58' lang='grc' dir='ltr'><em>ζὸν,</em></span> <span class='ocrx_word' id='word_1_21' title='bbox 268 441 505 476; x_wconf 86' lang='lat' dir='ltr'><em>ostentator</em></span> <span class='ocrx_word' id='word_1_22' title='bbox 535 441 577 474; x_wconf 87' lang='lat' dir='ltr'><em>et</em></span> <span class='ocrx_word' id='word_1_23' title='bbox 603 445 752 492; x_wconf 80' lang='lat' dir='ltr'><em>vanus.</em></span> <span class='ocrx_word' id='word_1_24' title='bbox 790 427 897 474; x_wconf 89' lang='lat' dir='ltr'><em>Tale</em></span> <span class='ocrx_word' id='word_1_25' title='bbox 922 441 1064 475; x_wconf 87' lang='lat' dir='ltr'><em>autem</em></span> <span class='ocrx_word' id='word_1_26' title='bbox 1093 442 1155 475; x_wconf 88' lang='lat' dir='ltr'><em>est</em></span> <span class='ocrx_word' id='word_1_27' title='bbox 1176 448 1315 492; x_wconf 85' lang='lat' dir='ltr'><em>genus</em></span> <span class='ocrx_word' id='word_1_28' title='bbox 1336 432 1413 480; x_wconf 87' lang='lat' dir='ltr'><em>hoc</em></span> 
     </span>
     <span class='ocr_line' id='line_1_5' title="bbox 117 502 1411 566; baseline -0.001 -13"><span class='ocrx_word' id='word_1_29' title='bbox 117 508 311 553; x_wconf 86' lang='lat' dir='ltr'><em>militare</em></span> <span class='ocrx_word' id='word_1_30' title='bbox 356 504 602 552; x_wconf 78' lang='lat' dir='ltr'><em>hominum,</em></span> <span class='ocrx_word' id='word_1_31' title='bbox 648 503 788 566; x_wconf 82' lang='lat' dir='ltr'><em>qualis</em></span> <span class='ocrx_word' id='word_1_32' title='bbox 823 514 866 549; x_wconf 90' lang='lat' dir='ltr'><em>et</em></span> <span class='ocrx_word' id='word_1_33' title='bbox 911 502 1196 550; x_wconf 78' lang='lat' dir='ltr'><em>Terentianus</em></span> <span class='ocrx_word' id='word_1_34' title='bbox 1242 505 1411 552; x_wconf 80' lang='lat' dir='ltr'><em>Thraso</em></span> 
     </span>
     <span class='ocr_line' id='line_1_6' title="bbox 110 574 1410 644; baseline 0.001 -19"><span class='ocrx_word' id='word_1_35' title='bbox 110 579 403 644; x_wconf 80' lang='lat' dir='ltr'><em>producitur,</em></span> <span class='ocrx_word' id='word_1_36' title='bbox 446 587 490 622; x_wconf 88' lang='lat' dir='ltr'><em>et</em></span> <span class='ocrx_word' id='word_1_37' title='bbox 530 575 610 621; x_wconf 90' lang='lat' dir='ltr'><em>alii</em></span> <span class='ocrx_word' id='word_1_38' title='bbox 641 592 670 621; x_wconf 92' lang='lat' dir='ltr'><em>a</em></span> <span class='ocrx_word' id='word_1_39' title='bbox 701 574 859 621; x_wconf 87' lang='lat' dir='ltr'><em>Plauto</em></span> <span class='ocrx_word' id='word_1_40' title='bbox 897 576 1013 622; x_wconf 88' lang='lat' dir='ltr'><em>alibi.</em></span> <span class='ocrx_word' id='word_1_41' title='bbox 1052 576 1410 642; x_wconf 88' lang='lat' dir='ltr'><strong>Argumentum</strong></span> 
     </span>
     <span class='ocr_line' id='line_1_7' title="bbox 120 648 1411 701; baseline -0.001 -1"><span class='ocrx_word' id='word_1_42' title='bbox 120 652 312 701; x_wconf 83' lang='lat' dir='ltr'><em>Fabulae</em></span> <span class='ocrx_word' id='word_1_43' title='bbox 337 649 415 695; x_wconf 87' lang='lat' dir='ltr'><em>hoc</em></span> <span class='ocrx_word' id='word_1_44' title='bbox 444 660 520 694; x_wconf 89' lang='lat' dir='ltr'><em>est.</em></span> <span class='ocrx_word' id='word_1_45' title='bbox 547 648 770 694; x_wconf 80' lang='lat' dir='ltr'><em>Avexerat</em></span> <span class='ocrx_word' id='word_1_46' title='bbox 803 650 986 694; x_wconf 88' lang='lat' dir='ltr'><em>amicam</em></span> <span class='ocrx_word' id='word_1_47' title='bbox 1019 649 1297 697; x_wconf 86' lang='lat' dir='ltr'><em>adolescentis</em></span> <span class='ocrx_word' id='word_1_48' title='bbox 1324 653 1411 699; x_wconf 81' lang='lat' dir='ltr'><em>At-</em></span> 
     </span>
     <span class='ocr_line' id='line_1_8' title="bbox 121 721 1416 786; baseline 0.001 -14"><span class='ocrx_word' id='word_1_49' title='bbox 121 728 200 772; x_wconf 82' lang='lat' dir='ltr'><em>tici</em></span> <span class='ocrx_word' id='word_1_50' title='bbox 230 725 371 772; x_wconf 81' lang='lat' dir='ltr'><em>Miles.</em></span> <span class='ocrx_word' id='word_1_51' title='bbox 418 723 495 768; x_wconf 86' lang='lat' dir='ltr'><em>hoc</em></span> <span class='ocrx_word' id='word_1_52' title='bbox 508 721 688 786; x_wconf 85' lang='lat' dir='ltr'><em>factum</em></span> <span class='ocrx_word' id='word_1_53' title='bbox 719 721 909 767; x_wconf 85' lang='lat' dir='ltr'><em>indicare</em></span> <span class='ocrx_word' id='word_1_54' title='bbox 943 722 1042 768; x_wconf 88' lang='lat' dir='ltr'><em>hero</em></span> <span class='ocrx_word' id='word_1_55' title='bbox 1076 725 1241 770; x_wconf 86' lang='lat' dir='ltr'><em>absenti</em></span> <span class='ocrx_word' id='word_1_56' title='bbox 1268 743 1416 774; x_wconf 82' lang='lat' dir='ltr'><em>servus</em></span> 
     </span>
     <span class='ocr_line' id='line_1_9' title="bbox 117 795 1418 861; baseline 0 -16"><span class='ocrx_word' id='word_1_57' title='bbox 117 799 220 845; x_wconf 83' lang='lat' dir='ltr'><em>dum</em></span> <span class='ocrx_word' id='word_1_58' title='bbox 240 797 360 846; x_wconf 79' lang='lat' dir='ltr'><em>vult,</em></span> <span class='ocrx_word' id='word_1_59' title='bbox 394 797 564 859; x_wconf 87' lang='lat' dir='ltr'><em>capitur</em></span> <span class='ocrx_word' id='word_1_60' title='bbox 590 812 618 840; x_wconf 91' lang='lat' dir='ltr'><em>a</em></span> <span class='ocrx_word' id='word_1_61' title='bbox 635 796 824 858; x_wconf 79' lang='lat' dir='ltr'><em>piratis,</em></span> <span class='ocrx_word' id='word_1_62' title='bbox 857 806 900 839; x_wconf 91' lang='lat' dir='ltr'><em>et</em></span> <span class='ocrx_word' id='word_1_63' title='bbox 927 795 997 840; x_wconf 89' lang='lat' dir='ltr'><em>illi</em></span> <span class='ocrx_word' id='word_1_64' title='bbox 1030 795 1162 842; x_wconf 89' lang='lat' dir='ltr'><em>eidem</em></span> <span class='ocrx_word' id='word_1_65' title='bbox 1177 796 1305 861; x_wconf 87' lang='lat' dir='ltr'><em>forte</em></span> <span class='ocrx_word' id='word_1_66' title='bbox 1325 799 1418 845; x_wconf 85' lang='lat' dir='ltr'><em>Mi-</em></span> 
     </span>
     <span class='ocr_line' id='line_1_10' title="bbox 59 869 1410 929; baseline 0.002 -15"><span class='ocrx_word' id='word_1_67' title='bbox 59 912 62 914; x_wconf 85' lang='lat'>.</span> <span class='ocrx_word' id='word_1_68' title='bbox 117 872 192 918; x_wconf 84' lang='lat' dir='ltr'><em>liti</em></span> <span class='ocrx_word' id='word_1_69' title='bbox 233 870 337 916; x_wconf 85' lang='lat' dir='ltr'><em>dono</em></span> <span class='ocrx_word' id='word_1_70' title='bbox 377 869 520 915; x_wconf 83' lang='lat' dir='ltr'><em>datur.</em></span> <span class='ocrx_word' id='word_1_71' title='bbox 560 871 710 917; x_wconf 87' lang='lat' dir='ltr'><em>statim</em></span> <span class='ocrx_word' id='word_1_72' title='bbox 745 870 941 929; x_wconf 82' lang='lat' dir='ltr'><em>agnoscit</em></span> <span class='ocrx_word' id='word_1_73' title='bbox 977 869 1198 915; x_wconf 87' lang='lat' dir='ltr'><em>mulierem</em></span> <span class='ocrx_word' id='word_1_74' title='bbox 1231 888 1410 917; x_wconf 79' lang='lat' dir='ltr'><em>servus.-</em></span> 
     </span>
     <span class='ocr_line' id='line_1_11' title="bbox 115 940 1409 1006; baseline 0 -16"><span class='ocrx_word' id='word_1_75' title='bbox 115 945 334 1006; x_wconf 86' lang='lat' dir='ltr'><em>negotium</em></span> <span class='ocrx_word' id='word_1_76' title='bbox 367 943 583 987; x_wconf 88' lang='lat' dir='ltr'><em>occultat:</em></span> <span class='ocrx_word' id='word_1_77' title='bbox 615 959 702 987; x_wconf 88' lang='lat' dir='ltr'><em>rem</em></span> <span class='ocrx_word' id='word_1_78' title='bbox 736 940 1022 1002; x_wconf 87' lang='lat' dir='ltr'><em>omnemhero</em></span> <span class='ocrx_word' id='word_1_79' title='bbox 1051 958 1127 987; x_wconf 89' lang='lat' dir='ltr'><em>suo</em></span> <span class='ocrx_word' id='word_1_80' title='bbox 1152 943 1409 990; x_wconf 75' lang='lat' dir='ltr'><em>Atheniensi</em></span> 
     </span>
     <span class='ocr_line' id='line_1_12' title="bbox 117 1014 1409 1080; baseline -0.001 -16"><span class='ocrx_word' id='word_1_81' title='bbox 117 1019 257 1064; x_wconf 85' lang='lat' dir='ltr'><em>literis</em></span> <span class='ocrx_word' id='word_1_82' title='bbox 279 1018 483 1080; x_wconf 83' lang='lat' dir='ltr'><em>exponit:</em></span> <span class='ocrx_word' id='word_1_83' title='bbox 510 1015 614 1077; x_wconf 83' lang='lat' dir='ltr'><em>quid</em></span> <span class='ocrx_word' id='word_1_84' title='bbox 626 1016 737 1078; x_wconf 83' lang='lat' dir='ltr'><em>fieri</em></span> <span class='ocrx_word' id='word_1_85' title='bbox 768 1025 983 1078; x_wconf 64' lang='lat' dir='ltr'><em>oporteat.</em></span> <span class='ocrx_word' id='word_1_86' title='bbox 1013 1014 1290 1063; x_wconf 83' lang='lat' dir='ltr'><em>demonstrat.</em></span> <span class='ocrx_word' id='word_1_87' title='bbox 1311 1018 1409 1063; x_wconf 75' lang='lat' dir='ltr'><em>Ad-</em></span> 
     </span>
     <span class='ocr_line' id='line_1_13' title="bbox 117 1085 1412 1152; baseline 0 -17"><span class='ocrx_word' id='word_1_88' title='bbox 117 1091 235 1136; x_wconf 80' lang='lat' dir='ltr'><em>venit</em></span> <span class='ocrx_word' id='word_1_89' title='bbox 269 1088 342 1132; x_wconf 90' lang='lat' dir='ltr'><em>ille</em></span> <span class='ocrx_word' id='word_1_90' title='bbox 389 1087 627 1132; x_wconf 83' lang='lat' dir='ltr'><em>adolescens</em></span> <span class='ocrx_word' id='word_1_91' title='bbox 658 1085 899 1150; x_wconf 86' lang='lat' dir='ltr'><em>Ephesum:</em></span> <span class='ocrx_word' id='word_1_92' title='bbox 939 1086 999 1131; x_wconf 92' lang='lat' dir='ltr'><em>ad</em></span> <span class='ocrx_word' id='word_1_93' title='bbox 1031 1103 1171 1132; x_wconf 86' lang='lat' dir='ltr'><em>senem</em></span> <span class='ocrx_word' id='word_1_94' title='bbox 1207 1089 1412 1152; x_wconf 79' lang='lat' dir='ltr'><em>hospitem</em></span> 
     </span>
     <span class='ocr_line' id='line_1_14' title="bbox 117 1157 1414 1226; baseline 0.001 -19"><span class='ocrx_word' id='word_1_95' title='bbox 117 1163 305 1208; x_wconf 76' lang='lat' dir='ltr'><em>vicinum</em></span> <span class='ocrx_word' id='word_1_96' title='bbox 328 1160 488 1205; x_wconf 87' lang='lat' dir='ltr'><em>Militis</em></span> <span class='ocrx_word' id='word_1_97' title='bbox 514 1158 755 1205; x_wconf 84' lang='lat' dir='ltr'><em>divertitur.</em></span> <span class='ocrx_word' id='word_1_98' title='bbox 784 1157 897 1205; x_wconf 87' lang='lat' dir='ltr'><em>Erat</em></span> <span class='ocrx_word' id='word_1_99' title='bbox 916 1162 1135 1222; x_wconf 83' lang='lat' dir='ltr'><em>utriusque</em></span> <span class='ocrx_word' id='word_1_100' title='bbox 1158 1159 1304 1206; x_wconf 80' lang='lat' dir='ltr'><em>domus</em></span> <span class='ocrx_word' id='word_1_101' title='bbox 1321 1180 1414 1226; x_wconf 85' lang='lat' dir='ltr'><em>pa·-</em></span> 
     </span>
     <span class='ocr_line' id='line_1_15' title="bbox 117 1230 1409 1296; baseline 0.002 -19"><span class='ocrx_word' id='word_1_102' title='bbox 117 1233 203 1277; x_wconf 88' lang='lat' dir='ltr'><em>ries</em></span> <span class='ocrx_word' id='word_1_103' title='bbox 234 1232 496 1279; x_wconf 79' lang='lat' dir='ltr'><em>communis,</em></span> <span class='ocrx_word' id='word_1_104' title='bbox 536 1247 617 1293; x_wconf 85' lang='lat' dir='ltr'><em>quo</em></span> <span class='ocrx_word' id='word_1_105' title='bbox 648 1230 868 1295; x_wconf 70' lang='lat' dir='ltr'><em>perforato</em></span> <span class='ocrx_word' id='word_1_106' title='bbox 910 1233 1032 1296; x_wconf 87' lang='lat' dir='ltr'><em>copia</em></span> <span class='ocrx_word' id='word_1_107' title='bbox 1055 1235 1126 1295; x_wconf 86' lang='lat' dir='ltr'><em>fit</em></span> <span class='ocrx_word' id='word_1_108' title='bbox 1161 1235 1409 1280; x_wconf 79' lang='lat' dir='ltr'><em>amantibus</em></span> 
     </span>
     <span class='ocr_line' id='line_1_16' title="bbox 116 1303 1409 1368; baseline 0.005 -20"><span class='ocrx_word' id='word_1_109' title='bbox 116 1303 428 1364; x_wconf 83' lang='lat' dir='ltr'><em>congrediendi.</em></span> <span class='ocrx_word' id='word_1_110' title='bbox 455 1303 543 1349; x_wconf 87' lang='lat' dir='ltr'><em>Sed</em></span> <span class='ocrx_word' id='word_1_111' title='bbox 565 1304 718 1349; x_wconf 88' lang='lat' dir='ltr'><em>militis</em></span> <span class='ocrx_word' id='word_1_112' title='bbox 738 1304 852 1349; x_wconf 86' lang='lat' dir='ltr'><em>alter</em></span> <span class='ocrx_word' id='word_1_113' title='bbox 877 1320 1024 1351; x_wconf 83' lang='lat' dir='ltr'><em>servus</em></span> <span class='ocrx_word' id='word_1_114' title='bbox 1035 1303 1164 1368; x_wconf 84' lang='lat' dir='ltr'><em>forte</em></span> <span class='ocrx_word' id='word_1_115' title='bbox 1185 1306 1409 1355; x_wconf 85' lang='lat' dir='ltr'><em>mulierem</em></span> 
     </span>
     <span class='ocr_line' id='line_1_17' title="bbox 118 1375 1411 1440; baseline 0.004 -20"><span class='ocrx_word' id='word_1_116' title='bbox 118 1377 164 1421; x_wconf 89' lang='lat' dir='ltr'><em>in</em></span> <span class='ocrx_word' id='word_1_117' title='bbox 197 1377 403 1427; x_wconf 85' lang='lat' dir='ltr'><em>amatoris</em></span> <span class='ocrx_word' id='word_1_118' title='bbox 441 1376 661 1440; x_wconf 86' lang='lat' dir='ltr'><em>complexu</em></span> <span class='ocrx_word' id='word_1_119' title='bbox 698 1375 878 1423; x_wconf 84' lang='lat' dir='ltr'><em>viderat.</em></span> <span class='ocrx_word' id='word_1_120' title='bbox 911 1377 971 1422; x_wconf 92' lang='lat' dir='ltr'><em>Id</em></span> <span class='ocrx_word' id='word_1_121' title='bbox 998 1394 1051 1423; x_wconf 89' lang='lat' dir='ltr'><em>ne</em></span> <span class='ocrx_word' id='word_1_122' title='bbox 1081 1378 1236 1425; x_wconf 83' lang='lat' dir='ltr'><em>vidisse</em></span> <span class='ocrx_word' id='word_1_123' title='bbox 1267 1380 1411 1425; x_wconf 75' lang='lat' dir='ltr'><em>crede-</em></span> 
     </span>
     <span class='ocr_line' id='line_1_18' title="bbox 117 1448 1410 1516; baseline 0.005 -23"><span class='ocrx_word' id='word_1_124' title='bbox 117 1460 210 1497; x_wconf 80' lang='lat' dir='ltr'><em>ret,</em></span> <span class='ocrx_word' id='word_1_125' title='bbox 248 1448 355 1494; x_wconf 82' lang='lat' dir='ltr'><em>dolis</em></span> <span class='ocrx_word' id='word_1_126' title='bbox 378 1451 491 1494; x_wconf 84' lang='lat' dir='ltr'><em>servi</em></span> <span class='ocrx_word' id='word_1_127' title='bbox 511 1449 654 1494; x_wconf 85' lang='lat' dir='ltr'><em>Attici</em></span> <span class='ocrx_word' id='word_1_128' title='bbox 666 1452 921 1514; x_wconf 82' lang='lat' dir='ltr'><em>perficitur,</em></span> <span class='ocrx_word' id='word_1_129' title='bbox 958 1453 1033 1513; x_wconf 81' lang='lat' dir='ltr'><em>qui</em></span> <span class='ocrx_word' id='word_1_130' title='bbox 1056 1452 1125 1497; x_wconf 85' lang='lat' dir='ltr'><em>illi</em></span> <span class='ocrx_word' id='word_1_131' title='bbox 1146 1453 1410 1516; x_wconf 87' lang='lat' dir='ltr'><em>persuadet,</em></span> 
     </span>
     <span class='ocr_line' id='line_1_19' title="bbox 117 1520 1408 1581; baseline 0.002 -14"><span class='ocrx_word' id='word_1_132' title='bbox 117 1520 262 1567; x_wconf 87' lang='lat' dir='ltr'><em>adesse</em></span> <span class='ocrx_word' id='word_1_133' title='bbox 285 1522 506 1581; x_wconf 89' lang='lat' dir='ltr'><em>geminam</em></span> <span class='ocrx_word' id='word_1_134' title='bbox 538 1520 685 1566; x_wconf 87' lang='lat' dir='ltr'><em>herilis</em></span> <span class='ocrx_word' id='word_1_135' title='bbox 714 1525 877 1568; x_wconf 87' lang='lat' dir='ltr'><em>amicae</em></span> <span class='ocrx_word' id='word_1_136' title='bbox 896 1539 1093 1568; x_wconf 88' lang='lat' dir='ltr'><em>sororem.</em></span> <span class='ocrx_word' id='word_1_137' title='bbox 1135 1524 1294 1573; x_wconf 82' lang='lat' dir='ltr'><em>Postea</em></span> <span class='ocrx_word' id='word_1_138' title='bbox 1315 1526 1408 1570; x_wconf 76' lang='lat' dir='ltr'><em>Mi-</em></span> 
     </span>
     <span class='ocr_line' id='line_1_20' title="bbox 115 1585 1406 1660; baseline 0.003 -21"><span class='ocrx_word' id='word_1_139' title='bbox 115 1585 189 1640; x_wconf 82' lang='lat' dir='ltr'><em>liti</em></span> <span class='ocrx_word' id='word_1_140' title='bbox 224 1595 513 1660; x_wconf 81' lang='lat' dir='ltr'><em>persuadetur</em></span> <span class='ocrx_word' id='word_1_141' title='bbox 532 1631 548 1644; x_wconf 81' lang='lat'><em>,</em></span> <span class='ocrx_word' id='word_1_142' title='bbox 593 1598 733 1641; x_wconf 88' lang='lat' dir='ltr'><em>amari</em></span> <span class='ocrx_word' id='word_1_143' title='bbox 779 1597 915 1659; x_wconf 83' lang='lat' dir='ltr'><em>ipsum</em></span> <span class='ocrx_word' id='word_1_144' title='bbox 953 1599 1135 1659; x_wconf 87' lang='lat' dir='ltr'><em>mirifice</em></span> <span class='ocrx_word' id='word_1_145' title='bbox 1179 1598 1231 1643; x_wconf 88' lang='lat' dir='ltr'><em>ab</em></span> <span class='ocrx_word' id='word_1_146' title='bbox 1267 1615 1406 1644; x_wconf 80' lang='lat' dir='ltr'><em>uxore</em></span> 
     </span>
     <span class='ocr_line' id='line_1_21' title="bbox 114 1666 1410 1730; baseline 0.005 -20"><span class='ocrx_word' id='word_1_147' title='bbox 114 1668 230 1712; x_wconf 85' lang='lat' dir='ltr'><em>senis</em></span> <span class='ocrx_word' id='word_1_148' title='bbox 249 1669 407 1714; x_wconf 83' lang='lat' dir='ltr'><em>vicini:</em></span> <span class='ocrx_word' id='word_1_149' title='bbox 432 1668 575 1730; x_wconf 82' lang='lat' dir='ltr'><em>itaque</em></span> <span class='ocrx_word' id='word_1_150' title='bbox 600 1667 783 1712; x_wconf 85' lang='lat' dir='ltr'><em>dimittit</em></span> <span class='ocrx_word' id='word_1_151' title='bbox 807 1669 1111 1715; x_wconf 88' lang='lat' dir='ltr'><em>concubinam:</em></span> <span class='ocrx_word' id='word_1_152' title='bbox 1135 1666 1179 1715; x_wconf 87' lang='lat' dir='ltr'><em>et</em></span> <span class='ocrx_word' id='word_1_153' title='bbox 1201 1687 1302 1716; x_wconf 83' lang='lat' dir='ltr'><em>mox</em></span> <span class='ocrx_word' id='word_1_154' title='bbox 1331 1670 1410 1716; x_wconf 79' lang='lat' dir='ltr'><em>de-</em></span> 
     </span>
     <span class='ocr_line' id='line_1_22' title="bbox 108 1739 1403 1807; baseline 0.004 -23"><span class='ocrx_word' id='word_1_155' title='bbox 108 1739 341 1803; x_wconf 85' lang='lat' dir='ltr'><em>prehensus</em></span> <span class='ocrx_word' id='word_1_156' title='bbox 375 1757 457 1804; x_wconf 88' lang='lat' dir='ltr'><em>per</em></span> <span class='ocrx_word' id='word_1_157' title='bbox 497 1741 676 1787; x_wconf 89' lang='lat' dir='ltr'><em>insidias</em></span> <span class='ocrx_word' id='word_1_158' title='bbox 696 1776 713 1789; x_wconf 84' lang='lat'>,</span> <span class='ocrx_word' id='word_1_159' title='bbox 743 1757 825 1805; x_wconf 87' lang='lat' dir='ltr'><em>pro</em></span> <span class='ocrx_word' id='word_1_160' title='bbox 863 1742 1030 1787; x_wconf 90' lang='lat' dir='ltr'><em>moecho</em></span> <span class='ocrx_word' id='word_1_161' title='bbox 1052 1743 1276 1807; x_wconf 86' lang='lat' dir='ltr'><em>plectitur.</em></span> <span class='ocrx_word' id='word_1_162' title='bbox 1317 1745 1403 1790; x_wconf 83' lang='lat' dir='ltr'><em>Res</em></span> 
     </span>
     <span class='ocr_line' id='line_1_23' title="bbox 119 1812 484 1877; baseline 0.003 -20"><span class='ocrx_word' id='word_1_163' title='bbox 119 1814 291 1874; x_wconf 83' lang='lat' dir='ltr'><em>geritur</em></span> <span class='ocrx_word' id='word_1_164' title='bbox 316 1812 484 1877; x_wconf 79' lang='lat' dir='ltr'><em>Ephesi.</em></span> 
     </span>
    </p>
   </div>
  </div>
 </body>
</html>
