1618 2866
73 189 217 250 1⁶⁵⁷
410 173 682 222 ACTUS
731 173 790 222 V.
839 173 942 267 SSJ.
991 175 1079 222 1..
1270 186 1367 238 555

541 293 920 329 TRANIO.

995 343 1184 408 Aspexi.

386 430 1092 466 THBUROPIDES.

1187 481 1367 532 Vuioe?

542 561 924 596 TRAnlo.

94 618 263 667 Video.
281 619 378 667 huc
397 619 434 664 si
453 619 559 680 quis
573 618 832 666 intercedat
849 620 1011 666 tertius
1023 654 1038 677 ‚
1054 630 1213 682 pereat
1229 618 1368 667 fame.

382 704 415 737 Τ
448 703 485 736 11
517 703 550 736 Ε
586 702 621 736 U
655 705 693 739 R
726 704 760 738 ο
793 703 824 738 1²
857 704 880 737 1
914 705 951 738 D
988 705 1021 738 Ε
1057 704 1097 738 s.

96 756 357 827 Quidum?

542 833 928 868 TRANIO.

147 893 277 970 Quia
289 893 408 939 nihil
427 894 607 954 quaesti
624 893 721 939 siet.
739 892 851 938 mali
862 892 1018 938 hercle
1031 890 1176 937 ambo
1191 907 1368 938 sumus.

383 983 1100 1018 THEUROPIDES.

87 1036 240 1083 Perii!

547 1112 580 1144 Τ
615 1113 649 1146 R.
683 1112 717 1144 A
752 1111 844 1144 NI
880 1111 929 1144 O.

230 1171 596 1242 Quidtibiaet?

382 1256 1091 1291 THEUROPIDES.

546 1317 913 1377 Dedistiverba.

546 1403 647 1437 ΤΒ
681 1403 785 1436 AN
821 1405 840 1438 1
876 1404 924 1436 o.

857 1460 1211 1532 Quitandem?

380 1546 1097 1592 ΤΗΕΠΒΟΡΙΒΕξ.

1211 1597 1368 1644 Probe

90 1662 427 1709 Meemunxti.

542 1740 575 1772 Τ
610 1738 645 1771 R
677 1737 715 1769 A
748 1737 782 1770 Ν
818 1736 840 1768 1
878 1736 930 1769 o.

236 1799 361 1847 V1de
380 1800 462 1856 sis,
482 1799 575 1845 sati’
594 1814 656 1844 ne
674 1795 835 1844 1ecte?
856 1812 980 1842 num
993 1798 1152 1844 mucci
1163 1796 1366 1844 fluunt?

384 1893 417 1925 T
451 1892 487 1924 Η
521 1893 552 1925 Ε
589 1889 625 1927 U
659 1892 695 1925 R
729 1890 762 1923 o
800 1890 829 1922 Ρ
867 1890 889 1922 1
923 1890 959 1922 D
994 1889 1025 1922 Ε
1061 1890 1102 1923 s.

94 1952 251 1998 Immo
273 1953 413 1998 etiam
436 1951 682 1998 cerebrum
711 1965 911 2011 quoque
937 1965 1135 1995 omnem
1164 1965 1191 1994 e
1218 1951 1368 2011 capite

301 2047 306 2051 ·
344 2024 562 2071 emunxti
587 2024 787 2070 meum?

94 2094 220 2141 Nam
248 2098 406 2143 omnia
431 2098 671 2145 malefixcta
696 2106 850 2142 vostra
877 2096 1029 2156 reperi
1059 2095 1291 2142 radicitus.

95 2165 211 2212 Non
233 2167 448 2214 radicitus
479 2170 678 2230 quidem
702 2168 883 2224 hercle,
906 2183 1077 2214 verum
1102 2167 1243 2213 etiam
1272 2183 1369 2214 era-

350 2240 529 2287 dicitus.

93 2312 375 2375 Numquam
403 2315 573 2379 edepol
593 2316 646 2363 id
668 2316 813 2363 hodie
836 2317 1014 2365 inultus
1036 2316 1367 2384 designaveris:

347 2386 437 2433 tibi
