1618 2866
219 116 319 186 305
546 115 1154 165 MERCATOR.
1383 136 1516 183 v.35

645 236 1099 272 DORIPPA.
1537 251 1547 271 <

955 296 1154 357 Judex?
1180 299 1282 363 jam
1315 303 1443 349 scio:

212 369 329 419 Huc
362 380 418 416 tu
448 370 500 415 in
534 371 788 417 consilium
824 372 962 418 istam
991 371 1279 421 advocavisti
1310 376 1416 423 tibi.

524 469 1180 508 LYSIMACHUS.

212 539 374 586 Immo
408 539 472 587 sic
505 551 750 601 sequestro
779 542 900 588 mihi
933 542 1042 589 data
1072 554 1153 590 est.

641 630 1101 665 DORIPPA.

1169 675 1434 752 'Intellego-

519 766 1182 805 LYSIMACHUS.

209 825 341 874 Nihil
372 827 531 874 hercle
562 828 692 875 istius
727 829 1001 891 quidquam
1032 843 1114 878 est.

631 917 668 949 D
707 917 739 950 o
775 918 809 951 R
844 918 865 950 1
901 918 930 950 P
969 919 997 952 P
1038 919 1088 952 A.
1250 968 1252 971 r

1038 979 1253 1028 Numero
1283 983 1506 1047 purgitas.

518 1065 550 1098 L
588 1065 623 1098 Y
666 1063 687 1097 s
725 1065 747 1096 1
783 1064 826 1097 M
862 1063 898 1097 A
935 1066 962 1098 c
999 1065 1034 1098 Η
1071 1065 1106 1098 U
1142 1065 1183 1103 s.

208 1131 433 1181 Nimium
466 1134 633 1199 negoti
671 1133 841 1195 reperi.
880 1134 1126 1182 enimvero
1159 1136 1345 1184 haereo.

546 1280 954 1329 SC-ENA
1041 1284 1214 1331 Ῑῖἷ.ἴ

255 1425 678 1479 coquus,
733 1426 1449 1479 LYSJMACHUS,·

439 1495 931 1560 DORIPPA,
1002 1523 1264 1560 σπι-ΚΑ.

644 1657 1037 1707 coquus.

203 1710 377 1821 AGI
392 1785 491 1818 TE:
529 1773 594 1818 ite
623 1783 854 1818 actutum.
888 1787 1003 1819 nam
1030 1772 1151 1818 mihi
1174 1773 1372 1818 amatori
1394 1772 1495 1819 seni

202 1846 471 1908 Coquenda
505 1847 558 1891 'st
597 1861 758 1892 coena.
801 1856 948 1907 atque
977 1845 1207 1909 equidem
1232 1862 1386 1908 quom
1419 1863 1494 1894 te·-

453 1920 611 1983 cogito
629 1954 643 1977 ‚
1196 1914 1203 1916 ἡ

199 1996 351 2042 Nobis
384 1994 639 2057 coquenda
661 1994 742 2051 ’st‚
772 2009 875 2040 non
904 1994 1024 2055 quoi
1057 1993 1286 2041 conducti
1311 2012 1487 2042 sumus.
1530 2022 1533 2023 ν

197 2067 324 2115 Nam
350 2068 437 2130 qui
462 2077 614 2124 amat,
642 2065 780 2127 quod
802 2077 928 2112 amat
944 2100 958 2124 ‚
986 2066 1023 2111 si
1048 2065 1099 2111 id
1123 2066 1297 2127 habet,
1325 2067 1377 2114 id
1401 2068 1486 2115 ha·-

452 2142 536 2188 bet
567 2157 655 2203 pro
683 2140 822 2186 cibo:

199 2212 405 2271 Videre,
442 2212 698 2275 amplecti,
730 2212 927 2258 osculari
945 2245 959 2270 ,
991 2213 1190 2274 alloqui.
1395 2271 1400 2276 θ

193 2287 290 2334 Sed
310 2305 406 2335 nos
433 2287 626 2335 confido
658 2298 852 2333 onustos
881 2287 1113 2333 redituros
1145 2287 1367 2334 domurn.

193 2362 267 2409 Ite
300 2363 401 2410 hac.
435 2362 518 2411 sed
549 2378 749 2421 eccum,
783 2361 870 2424 qui
900 2377 988 2409 nos
1023 2361 1288 2421 conduxit,
1316 2374 1474 2408 senex.
