1618 2866
235 204 334 255 510
462 190 1260 241 MOSTELLARIA.
1389 205 1523 256 v.32

441 310 1248 354 χΤΗΕΠΒΟΡΙΒΕε.

231 366 351 436 Quo
381 376 430 411 te
457 365 584 429 agis?

687 442 719 475 T
755 443 788 478 R
823 440 857 474 A
893 440 926 474 N
962 441 983 474 1
1022 442 1071 475 Ο.

423 502 525 548 Nec
554 518 806 563 quoquam
833 502 967 548 abeo.
990 517 1079 547 nae
1105 517 1193 566 ego
1222 518 1328 549 sum
1347 503 1513 563 miser,

231 576 462 624 Scelestus
482 612 495 635 ,
528 589 664 623 natus
693 578 795 623 Diis
824 577 1021 622 inimicis
1054 577 1302 624 omnibus!

224 651 334 711 Jam
372 651 457 696 illo
499 661 743 711 praesente
778 650 942 696 adibit.
982 667 1071 696 nae
1106 668 1196 716 ego
1224 653 1375 698 homo
1411 667 1517 698 sum

482 723 620 770 miser
641 725 651 769 !

227 800 302 845 Ita
335 809 382 844 et
404 798 515 844 hinc
545 810 592 844 et
623 797 753 844 illinc
777 797 896 843 mihi
929 796 1158 843 exhibent
1180 798 1445 863 negotium.

227 871 324 918 Sed
355 871 602 933 occupabo
618 870 768 916 adire.

650 956 686 988 D
724 954 758 987 A
793 954 827 987 N
861 954 882 987 1
920 954 942 987 S
978 955 1010 988 Τ
1047 954 1096 988 A.

782 1015 876 1062 Hic
904 1014 964 1060 ad
992 1031 1071 1061 me
1100 1015 1168 1073 it,
1202 1014 1350 1061 salvos
1378 1029 1516 1073 sum',

227 1088 342 1152 Spes
371 1101 437 1136 est
467 1089 527 1135 de
553 1100 762 1155 argento.
1118 1146 1129 1157 ·

681 1175 712 1207 T
750 1176 784 1208 R
819 1172 854 1206 A
889 1174 921 1206 N
959 1174 980 1206 1
1016 1173 1064 1207 o.
1419 1214 1423 1216 ,

720 1236 907 1282 Hilarus
939 1245 1007 1280 est
1037 1234 1203 1280 frustra
1224 1227 1324 1280 istic
1349 1232 1514 1279 homos

228 1309 414 1357 Salvere
434 1310 586 1374 jubeo
612 1320 661 1355 te
678 1343 691 1366 ‚
716 1306 1067 1372 Misargyride5‚
1096 1307 1237 1353 bene.

649 1403 685 1435 D
721 1402 755 1434 A
793 1403 825 1434 N
862 1402 883 1433 Ι
920 1401 941 1434 S
980 1401 1011 1433 T
1049 1401 1099 1434 A.

227 1460 365 1511 Salve
394 1475 448 1509 et.
467 1475 536 1509 tu.
567 1463 688 1525 quid
719 1462 778 1508 de
806 1461 1030 1526 argento?

685 1556 717 1588 T
754 1557 787 1590 R
823 1555 858 1588 A
893 1556 926 1588 N
961 1556 983 1588 1
1021 1557 1067 1590 o.

1053 1614 1148 1662 Abi
1178 1616 1259 1672 sis,
1289 1615 1444 1661 belua.

229 1689 478 1735 Continuo
515 1687 768 1735 adveniens
796 1688 953 1750 pilum
983 1687 1181 1752 injecisti
1214 1686 1348 1734 mihi.

649 1784 684 1814 D
724 1782 759 1814 A
793 1783 827 1816 N
861 1783 883 1815 1
920 1781 942 1816 s
979 1782 1010 1815 Τ
1045 1781 1095 1815 A.

227 1845 320 1893 Hic
344 1846 493 1892 homo
515 1846 570 1891 ’st
594 1846 757 1891 inanis.

208 1921 210 1923 ’
682 1932 713 1963 Τ
743 1932 778 1964 R
814 1931 848 1963 A
886 1931 921 1963 N
956 1931 977 1963 1
1017 1930 1066 1963 o.
1448 1976 1450 1983 y

789 1991 882 2037 Hic
908 1991 1058 2037 homo
1085 1991 1140 2037 'st
1170 2002 1295 2038 certe
1323 1993 1506 2043 ariolus.

642 2079 680 2112 D
715 2077 750 2111 A
786 2079 820 2112 N
856 2078 875 2110 I
913 2077 934 2110 S
974 2076 1006 2109 T
1041 2076 1090 2109 A.
1515 2071 1517 2074 ’

227 2139 365 2209 Quin
392 2150 450 2186 tu
477 2139 581 2186 istas
606 2139 753 2186 mittis
779 2138 943 2184 tricas?

677 2233 709 2267 T
744 2235 778 2267 R
812 2233 847 2265 A
882 2233 916 2266 N
950 2233 970 2266 1
1009 2232 1057 2264 o.

954 2291 1090 2360 Quin
1121 2291 1241 2354 quid
1273 2292 1341 2342 vis
1369 2291 1502 2341 cedo·

613 2378 681 2427 Nn
717 2378 751 2412 A
789 2379 824 2413 N
860 2378 881 2412 1
917 2376 940 2411 s
977 2378 1009 2411 T
1046 2378 1096 2413 A.

225 2437 320 2485 Ubi
341 2437 628 2485 Philolaches
663 2439 766 2484 est?
