1618 2866
1310 229 1363 273 73

284 390 1167 445 ARGUMENTUM

399 532 499 593 (Ut
530 531 814 593 quibusdam
838 533 1064 596 videtur)

484 660 972 704 PRISCIANI.
1098 617 1123 637 ·

162 790 321 838 EMIT
337 788 602 857 fidicinam,
619 788 770 851 filiam
806 787 1003 835 credens,
1035 802 1165 832 senex

57 916 63 922 ,
100 864 313 913 Persuasu
342 863 454 908 servi
470 897 481 909 ,
513 861 644 905 aliam
679 862 754 923 qui
784 859 1093 906 conducticiam

39 995 42 997 -
100 937 264 981 Iterum
292 951 372 1000 pro
409 935 548 980 amica
585 935 624 978 ei
655 934 845 999 subjecit.
865 933 968 996 filio

97 1006 199 1054 Dat
228 1009 353 1054 herili
385 1020 623 1070 argentum.
655 1023 699 1052 eo
725 1023 908 1052 sororem
938 1005 1126 1051 destinat

100 1082 340 1147 Inprudens
354 1084 539 1148 juvenis.
575 1097 676 1125 mox
707 1096 978 1143 conpressae,
1009 1096 1060 1124 ac
1090 1079 1243 1124 militis

93 1153 332 1214 ,Cognoscit
359 1170 483 1218 opera
513 1153 596 1197 sibi
625 1168 754 1197 senex
787 1167 831 1196 os
859 1147 1086 1199 simitum,

110 1225 169 1271 Ut
195 1227 267 1271 ille
295 1228 501 1274 amicam,
526 1225 628 1270 haec
656 1224 928 1288 quaeritabat
942 1225 1107 1287 filiam.

105 1297 191 1343 Sed
215 1300 387 1344 inventa
407 1310 578 1360 gnata,
599 1298 807 1345 servolum
835 1299 994 1353 emittit
1020 1314 1174 1343 manu.v

168 1453 495 1503 ALIUD
563 1455 1369 1506 ARGUMENTUM.

465 1599 999 1642 CAMERARII.

170 1713 257 1760 PE
271 1725 304 1760 R
318 1727 346 1761 I
358 1727 390 1761 Ρ
403 1726 483 1762 ΗΛ
498 1729 540 1763 Ν
556 1729 583 1762 I
597 1729 629 1763 s
654 1719 765 1763 senis
774 1719 905 1781 filius
931 1719 1259 1783 Stratippocles,
1281 1736 1375 1766 cum

106 1798 274 1832 amaret
300 1788 538 1849 quandam,
559 1792 852 1853 proficiscitur
874 1793 917 1836 in
935 1792 1150 1836 militiam.
1193 1783 1377 1854 Cumque

109 1859 277 1904 crebras
321 1860 468 1905 literas
514 1863 703 1907 mitteret
749 1863 808 1908 ad
838 1880 1004 1909 servum
1038 1863 1287 1929 Epidicum,
1328 1865 1378 1909 de

110 1931 352 1998 redimfflda
386 1935 524 1979 amica
539 1969 555 1982 ,
584 1935 631 1979 id
652 1936 820 1980 tandem
844 1938 1039 1998 effictum
1060 1935 1205 1984 serv'us
1227 1937 1342 1982 dedit
1363 1957 1379 1980 .-

113 2017 207 2046 cum
228 2021 355 2052 senex
367 2008 538 2069 filiam,
564 2025 691 2071 quam
715 2023 956 2073 susceperat
985 2028 1037 2056 ex
1064 2011 1248 2075 quadam
1272 2011 1380 2076 Epi-

115 2073 294 2124 dauria,
323 2091 491 2142 captam
514 2075 666 2126 redimi
681 2084 893 2148 jussisset.
934 2101 1035 2129 nam
1062 2102 1142 2149 pro
1171 2085 1251 2130 illa
1264 2084 1380 2147 fidi-

114 2146 284 2195 cinam,
310 2166 434 2210 quam
452 2153 584 2215 filius
617 2154 818 2202 amabat,
847 2158 939 2200 se'ni
974 2157 1171 2202 adduxit.
1222 2157 1379 2201 Postea

115 2215 352 2264 adolescens
380 2223 511 2269 aliam
534 2242 678 2271 amare
707 2229 841 2290 coepit
863 2228 1009 2273 absens
1033 2232 1146 2275 inter
1165 2232 1380 2294 captivas,

117 2299 161 2334 et
174 2290 463 2353 quadraginta
483 2297 603 2342 illam
627 2293 755 2344 minis
774 2313 987 2346 mercatus
1002 2300 1104 2365 fuit
1127 2301 1291 2346 Thebis.
1313 2300 1382 2345 Ea

118 2372 214 2405 erat
242 2365 398 2410 amissa
413 2367 544 2428 filia,
571 2381 613 2413 et
626 2373 753 2435 jussa
777 2375 935 2434 requiri
954 2391 1071 2419 soror
1094 2373 1380 2418 adolescentis.

118 2433 205 2478 Sed
250 2433 326 2480 hoc
367 2435 439 2480 ille
482 2440 722 2499 ignorabat.
770 2444 1001 2506 Oportebat
1040 2458 1182 2491 autem
1223 2460 1382 2504 argen-
