1618 2866
45 137 173 194 ms
330 133 622 182 ACTUS
671 133 1076 184 1v.sc.1v.
1233 140 1325 201 623

45 243 197 289 Mater
214 239 334 287 dixit
352 275 366 298 ‚
390 241 440 285 in
458 240 639 298 culina,
664 240 714 285 in
733 242 910 305 angulo
930 242 993 288 ad
1022 243 1204 288 laevam
1227 259 1329 299 ma--¹
1402 257 1411 263 “

303 330 438 360 num·

468 399 911 434 TOXILUS.

47 469 177 516 Haec
206 469 291 514 erit
318 469 407 515 tibi
433 468 579 515 fausta
604 469 853 515 meretrix:
886 478 995 515 nata
1019 469 1074 514 ’st
1098 469 1147 514 in
1176 471 1330 517 calido

298 542 406 588 loco
427 575 443 598 ,

47 615 142 662 Ubi
156 632 316 662 rerum
330 615 550 662 omnium
563 615 799 662 bonarum
815 616 952 678 copia
966 610 1020 662 ’st
1040 617 1329 678 saepissume.

48 689 222 735 Tactus
251 701 318 736 est
344 690 486 744 leno,
515 689 601 749 qui
623 700 830 752 rogarat,
852 689 940 735 ubi
956 699 1066 735 nata
1091 702 1234 750 esset,
1257 691 1332 747 diff

305 770 439 806 ceret.

48 833 230 895 Lepide
260 833 384 880 lusit.

436 911 471 942 D
508 911 541 943 o
578 911 613 944 R
648 911 683 943 D
720 910 756 944 A
790 911 820 961 r,
857 910 893 943 u
928 911 965 943 s.

318 969 383 1016 At
410 987 497 1034 ego
520 970 718 1032 patriam
745 982 793 1016 te
820 988 936 1034 rogo
953 1005 967 1028 ,
1001 988 1124 1032 quae
1148 973 1214 1020 sit‘
1237 985 1330 1022 tua.

535 1072 572 1105 V
609 1072 630 1104 1
665 1073 699 1104 R
736 1070 768 1103 G
805 1071 849 1104 o.
924 1078 949 1083 -

51 1133 191 1202 Quae
210 1132 330 1179 mihi
348 1133 432 1190 sit,
460 1132 546 1176 nisi
574 1132 714 1189 haec,
742 1132 827 1177 ubi
850 1147 980 1177 nunc
998 1149 1102 1178 sum
1117 1134 1139 1179 ?

439 1232 475 1264 D
515 1231 548 1263 o
586 1232 620 1264 R
656 1231 691 1263 D
730 1229 765 1263 A
798 1230 829 1263 Ι,
867 1229 902 1262 U
940 1230 980 1264 s.

488 1290 554 1336 At
582 1306 668 1353 ego
697 1289 826 1335 issam
851 1307 1057 1350 quaero,
1086 1307 1209 1352 quae
1229 1294 1331 1344 fuit.

548 1390 585 1424 V
620 1389 642 1421 1
676 1391 710 1423 R
748 1390 780 1422 G
819 1390 868 1422 o.

50 1459 212 1508 Omne
247 1474 334 1522 ego
369 1474 458 1520 pro
493 1457 644 1502 nihilo
685 1472 777 1501 esse
813 1456 960 1502 ducto
979 1490 994 1515 ‚
1035 1460 1173 1519 quod
1203 1461 1295 1507 fuit
1312 1496 1329 1522 ,

309 1530 505 1592 quando
532 1530 654 1576 fuit:

49 1604 319 1665 Tamquam
348 1604 620 1659 hominem,
654 1603 849 1662 quando
881 1605 1088 1650 animam
1126 1604 1297 1654 efflavit
1311 1642 1330 1668 ,

303 1675 426 1735 quid
457 1691 568 1719 eum
602 1691 823 1734 quaeras,
853 1677 937 1736 qui
972 1677 1098 1723 fuit?

469 1779 500 1812 Τ
536 1780 568 1812 ο
609 1780 644 1812 Χ
679 1780 701 1812 1
737 1781 768 1813 L
804 1780 840 1812 U
876 1780 914 1814 S.

52 1842 124 1894 Ita
149 1857 229 1887 me
245 1840 327 1886 Dii
352 1840 476 1886 bene
506 1852 694 1898 ament,
729 1841 988 1902 sapienter!
1019 1852 1165 1904 atq'ue
1195 1847 1331 1907 equi-

256 1924 261 1928 ’
304 1913 417 1959 dem
443 1913 632 1959 miseret
667 1925 841 1959 tamen.

442 2013 484 2044 D.
517 2012 549 2044 o
586 2013 620 2045 R
656 2013 692 2044 D
731 2013 766 2045 A
800 2013 830 2044 L
867 2013 903 2046 U
938 2013 976 2046 s.

55 2077 151 2127 Sed
167 2091 325 2125 tamen
341 2114 355 2136 ,
383 2079 529 2142 Virgo
544 2114 558 2136 ‚
578 2096 701 2139 quae
724 2081 872 2140 patria
889 2082 943 2125 ’st
965 2081 1076 2126 tua?
1112 2099 1194 2147 age
1211 2084 1330 2131 mihi

305 2163 519 2199 actutum
549 2151 733 2212 expedi.
763 2153 884 2212 quid
913 2153 1072 2199 taces?

533 2253 569 2286 v
606 2253 627 2285 1
663 2255 696 2287 R
734 2253 767 2286 G
803 2256 848 2288 o.

58 2305 180 2353 Dico
207 2308 432 2369 equidem
458 2311 667 2371 patriam.
710 2313 1109 2376 quandoquidem
1135 2317 1213 2365 hic
1238 2332 1332 2365 ser-

312 2380 389 2426 vio
404 2413 419 2438 ‚
445 2382 559 2428 haec
588 2384 735 2444 patria
751 2385 806 2431 ’st
836 2403 950 2433 mea.
