1618 2866
228 137 324 183 606
464 179 467 182 .
685 138 1023 186 PERSA.
1380 158 1505 207 v·43

647 258 678 290 T
718 258 749 291 o
786 259 822 292 X
857 260 877 291 1
914 260 943 293 Ι.
980 260 1015 292 U
1051 259 1086 293 s.

648 325 978 388 Supplicatum
1011 345 1105 374 cras
1136 339 1222 375 eat.

614 425 651 456 D
690 426 722 459 o
760 428 793 461 R
830 429 864 460 D
901 429 934 461 A
972 428 1003 461 L
1040 429 1074 461 U
1110 428 1146 461 s.

223 486 296 531 Ita
323 484 481 531 hercle
509 501 634 530 vero.

643 579 675 612 T
713 579 745 612 o
782 581 819 613 x
856 582 875 613 1
914 581 943 614 L
981 580 1015 613 U
1052 581 1089 615 s.

669 648 806 694 Dum
835 659 951 706 stas,
984 649 1199 696 reditum
1229 651 1456 712 oportuit,

527 802 1200 895 ACTUslv.

604 962 1112 1016 SCENAI.

646 1105 1096 1140 TOXILUS.

223 1158 326 1270 SI
362 1240 508 1286 quam
537 1241 640 1270 rem
673 1240 861 1271 accures
888 1225 1042 1271 sobrie
1072 1237 1154 1271 aut
1185 1225 1455 1290 frugaliter,

228 1301 359 1347 Solet
394 1300 472 1359 illa
502 1309 629 1344 recte
650 1298 738 1367 sub
773 1314 940 1344 manus
972 1299 1236 1345 succedere.

226 1373 388 1433 Atque
424 1371 632 1431 edepol,
672 1369 820 1416 ferme
858 1382 912 1416 ut
947 1371 1148 1432 quisque
1183 1389 1286 1420 rem
1321 1382 1508 1421 accurat

476 1459 634 1499 suam,

225 1517 300 1565 Sic
335 1518 378 1562 ei
406 1515 674 1578 procedunt
699 1526 808 1576 post
838 1516 1065 1578 principia
1097 1516 1322 1578 denique.

226 1591 275 1639 Si
299 1592 447 1636 malus
472 1601 554 1635 aut
575 1605 787 1650 nequam
806 1589 859 1635 ’st
875 1624 889 1647 ,
912 1591 1035 1637 male
1053 1606 1123 1636 res
1144 1601 1372 1654 vortunt,
1391 1604 1505 1650 quas

482 1663 603 1727 agit:
1384 1652 1389 1658 ⁸

223 1736 308 1784 Sin
332 1747 490 1781 autem
521 1735 646 1798 frugi
660 1736 744 1792 'st‚
782 1736 1012 1782 eveniunt
1040 1736 1291 1800 frugaliter.

224 1810 362 1856 Hanc
387 1825 475 1872 ego
508 1821 608 1853 rem
636 1826 827 1855 exorsus
855 1828 960 1856 sum
987 1811 1134 1857 facete
1166 1822 1214 1856 et
1240 1808 1435 1856 callide:

223 1883 374 1945 Igitur
399 1892 738 1942 proventuram
769 1883 891 1928 bene
920 1883 1112 1929 confido
1143 1882 1275 1927 mihi.

224 1954 367 1999 Nunc
393 1969 482 2018 ego
508 1954 734 1998 lenonem
770 1953 832 1998 ita
868 1954 1012 1999 hodie
1044 1954 1313 1999 intricatum
1342 1952 1469 1998 dabo
1483 1950 1506 2010 ‚‘

225 2027 291 2072 Ut
322 2027 447 2088 ipsus
474 2043 596 2083 sese,
631 2043 728 2087 qua
755 2044 801 2073 se
835 2027 1083 2089 expediat,
1119 2028 1303 2074 nesciat.

225 2100 465 2163 Sagaristio
485 2136 499 2158 ⁷
532 2102 674 2147 heus!
712 2102 814 2159 exi,
847 2114 991 2163 atque
1027 2103 1176 2149 educe
1207 2102 1466 2166 virginem,

223 2173 288 2220 Et
316 2173 425 2239 5⁵1³?
449 2173 638 2220 tabellas
654 2209 668 2231 ,
704 2192 817 2236 quas
842 2176 1106 2239 consignavi
1139 2176 1253 2234 tibi,

226 2248 356 2314 Quas
384 2239 440 2293 tu
471 2248 665 2294 attulisti
694 2248 755 2295 ab
782 2249 896 2296 hero
924 2265 1035 2296 meo
1067 2266 1218 2311 usque
1239 2266 1265 2295 e
1294 2248 1455 2296 Persia.

206 2416 225 2440 δ
