1618 2866
80 231 241 278 mu
371 210 659 264 AGTUS
708 206 1093 257 11.SC.111.
1260 218 1351 264 105

84 329 201 376 Face
220 325 396 374 modo:
428 334 495 370 est
523 324 710 368 lucrum
737 319 814 365 hic
834 317 921 364 tibi
938 316 1170 378 amplum.

397 422 426 455 P
463 422 493 454 E
529 423 562 454 R
594 420 616 452 1
652 419 680 452 P
717 417 752 450 Η
786 417 821 449 A
855 417 890 448 N
925 415 955 447 Ε
993 413 1031 447 s.

786 474 915 520 Deos
936 471 1134 534 quidem
1157 486 1258 517 oro.

485 577 516 610 Ε
550 577 578 610 Ρ
613 576 635 608 1
670 575 706 607 D
741 575 760 608 1
797 573 824 605 c
862 571 896 603 U
933 570 972 604 s.

1136 621 1359 682 Inpetras.

113 759 119 764 ,
435 712 471 747 A
504 713 532 746 P
571 712 603 744 o
639 712 671 744 Ε
706 712 733 743 c
767 711 788 745 1
821 711 856 742 D
894 710 924 742 E
963 707 1001 741 s.

90 785 225 856 Quin
249 794 305 830 tu
333 783 369 827 is
403 781 555 836 intm,
589 791 734 840 atque
759 779 856 825 huc
888 785 1136 842 argentum
1163 772 1353 836 promis.

337 871 423 920 ego
448 855 593 901 visam
621 853 681 900 ad
708 853 892 899 forum:

43 994 46 996 ,
87 943 309 1007 Epifflce,
340 959 397 989 eo
417 942 541 989 veni.
560 991 571 999 ¹

467 1039 499 1071 Ε
532 1038 560 1071 Ρ
596 1036 618 1069 1
656 1038 691 1069 D
725 1037 746 1068 1
786 1037 813 1068 c
851 1035 886 1067 U
926 1035 963 1068 s.

348 1099 423 1144 Ne
441 1098 597 1154 abeas,
622 1096 899 1157 priusquam
916 1111 1006 1158 ego
1025 1092 1087 1139 ad
1103 1103 1151 1138 te
1165 1106 1354 1138 venero.

438 1197 474 1228 A
510 1197 538 1229 P
574 1197 606 1229 o
643 1196 672 1227 Ε
707 1194 734 1226 c
771 1194 791 1226 1
826 1194 862 1226 D
896 1194 926 1225 E
963 1191 1002 1225 s.

91 1254 254 1315 Usque
283 1255 510 1318 opperiar.

405 1356 435 1388 P
468 1354 501 1388 Ε
534 1356 569 1388 R
601 1353 623 1386 1
658 1354 687 1385 P
726 1352 762 1385 Η
795 1350 831 1385 A
864 1352 899 1384 N
932 1352 962 1384 Ε
998 1351 1038 1385 s.

314 1413 519 1476 Seque1e
541 1424 598 1459 tu
624 1413 763 1458 intro.
825 1418 831 1424 ’

475 1520 506 1552 E
543 1520 572 1553 P
606 1520 628 1551 1
662 1520 699 1553 D
732 1518 755 1550 1
792 1518 819 1550 c
856 1518 892 1550 U
928 1517 967 1551 s.

595 1581 619 1627 Ι
632 1615 645 1637 ,
665 1596 886 1626 numera:
908 1579 979 1626 nil
1004 1593 1091 1642 ego
1109 1587 1158 1623 te
1180 1591 1354 1623 moror.

397 1729 434 1774 S
489 1726 804 1774 CENA
890 1726 1048 1772 III.

493 1867 979 1901 EP1D1cth.

99 1922 390 2031 NULLUM
418 2001 510 2030 esse
528 1984 701 2046 opinor
717 2000 805 2046 ego
823 1998 987 2047 agrum
1004 1982 1055 2027 in
1072 1995 1180 2045 agro
1201 1979 1362 2026 Attico

99 2055 265 2115 Aeque
285 2056 483 2103 feracem
496 2092 509 2115 ‚
536 2074 683 2119 quam
708 2057 785 2103 hic
803 2069 869 2102 est
888 2067 1045 2102 noster
1060 2056 1357 2116 Periphanes:

101 2128 236 2197 Quin
258 2145 318 2174 ex
336 2132 522 2177 occluso
553 2142 699 2192 atque
723 2131 969 2194 obsignato
990 2129 1186 2174 armario

101 2201 308 2248 Decutio
339 2205 514 2268 mgenti
541 2215 732 2250 tantum
747 2238 762 2261 ,
789 2214 1026 2264 quantum
1043 2202 1162 2246 mihi
1184 2201 1333 2246 lubet.

105 2273 258 2342 Quod
275 2277 359 2334 pol
387 2292 473 2340 ego
496 2289 686 2334 metuo,
716 2277 753 2322 si
777 2292 918 2322 senex
934 2274 1166 2321 resciverit
1181 2308 1195 2330 ‚

105 2344 179 2390 Ne
198 2346 349 2391 ulmos
364 2349 578 2407 paxasitos
592 2349 727 2395 faciat
737 2384 751 2406 ‚
771 2365 893 2410 quae
906 2364 1058 2409 usque
1074 2344 1366 2392 attondeant.

107 2416 203 2464 Sed
223 2435 301 2464 me
325 2435 419 2464 una
439 2421 599 2466 turbat
617 2437 686 2466 res
705 2422 947 2482 ratioque:
978 2418 1210 2481 Apoecidi
