1618 2866
239 184 334 231 530
465 161 1262 212 MOSTELLARIA.
1366 177 1528 226 v.139

533 280 1256 317 THEUROPIDES.

377 347 514 418 Quia
548 344 723 407 edepol
748 343 892 390 ambo
916 342 976 389 ab
1003 342 1172 388 infimo
1194 352 1361 390 tarmes
1390 354 1531 392 secat.

696 438 727 471 T
764 438 798 470 R
833 436 868 470 A
902 437 936 469 N
972 436 993 468 1
1033 436 1083 468 o.

243 500 610 564 Intempestivos
635 498 811 544 excisos
834 496 1002 553 credo,
1024 495 1075 541 id
1092 494 1155 541 eis
1178 494 1352 541 vitium
1370 506 1526 542 nocet.

238 579 403 640 Atque
439 575 580 622 etiam
615 589 746 618 nunc
781 571 884 617 satis
919 570 1040 617 boni
1076 579 1217 627 sunt,
1251 569 1290 615 si
1322 569 1416 617 sint
1451 570 1527 615 in·-

492 648 625 695 ducti
649 646 770 709 pice.
1182 660 1186 662 ’

240 727 355 774 Non
386 725 515 772 enim
550 724 664 768 haec
697 719 1010 784 pultiphagus
1039 718 1205 781 opifex
1242 734 1385 780 opera
1418 715 1530 764 fecit

495 797 731 844 barbarus,

238 872 411 923 Viden’
440 880 720 935 coagmenta
748 867 799 913 in
829 865 1039 913 foribus?

531 959 1259 998 THEUROPIDES.
1432 968 1468 1006 0

606 1023 779 1071 Video.

697 1110 728 1142 T
765 1109 799 1142 R
839 1108 874 1140 A
909 1108 943 1140 N
979 1107 999 1139 I
1038 1107 1087 1140 Ο.

765 1169 934 1231 Specta
949 1204 963 1227 ,
984 1186 1131 1230 quam
1150 1181 1247 1217 arte
1267 1170 1528 1221 dormiunt.

533 1264 1260 1300 THEUROPIDES.

237 1328 534 1380 Dormiunt?

696 1404 728 1437 T
763 1405 797 1438 R
833 1404 869 1437 A
904 1405 940 1438 N
976 1404 998 1437 1
1036 1405 1087 1438 ο.

404 1466 536 1526 111.μά
561 1463 761 1526 quidem
777 1498 791 1521 ‚
814 1474 871 1509 ut
896 1464 1184 1523 connivent,
1207 1465 1342 1513 volui
1360 1464 1529 1513 dicere.

238 1542 380 1591 Satin’
408 1539 585 1587 habes?

533 1629 1263 1674 THEURQPIDES.

373 1694 439 1741 Ut
464 1692 682 1754 quidque
701 1689 846 1753 magis
874 1691 1203 1752 contemplor,
1230 1700 1365 1736 tanto
1382 1691 1529 1755 magis

1199 1762 1367 1823 placet.

698 1839 729 1871 T
764 1839 797 1871 R
832 1837 868 1871 A
905 1839 939 1871 N
976 1838 998 1870 1
1035 1839 1083 1872 o.

237 1900 408 1949 Viden‘
435 1899 622 1961 pictum
639 1933 652 1955 ‚
682 1898 769 1943 ubi
793 1899 1064 1945 ludificatur
1099 1899 1266 1946 cornix
1292 1915 1388 1946 una
1418 1904 1525 1949 vol-

492 1972 640 2018 turios
670 1971 807 2018 duo?

238 2046 420 2094 Cornix
452 2056 597 2102 astat,
629 2061 681 2090 ea
706 2045 936 2091 volturios
969 2044 1068 2090 duo
1097 2045 1300 2093 vicissim
1324 2048 1526 2096 vellicat.

239 2122 430 2189 Quaeso
458 2121 554 2165 huc
582 2118 642 2164 ad
669 2135 748 2164 me
771 2129 956 2180 specta,
990 2118 1230 2165 cornicem
1256 2129 1312 2165 ut
1339 2121 1527 2183 conspi-

501 2210 605 2239 cere
636 2210 820 2255 possies.

234 2266 343 2326 Jam
368 2266 533 2314 vides?

533 2349 1256 2384 THEUROPIDES.

292 2412 512 2461 Profecto
527 2412 712 2460 nullam
732 2410 962 2473 equidem
977 2412 1074 2458 illic
1093 2412 1332 2459 cornicem
1347 2411 1523 2458 intuor.

1611 2350 1618 2444 ἓ
