1618 2866
212 146 310 211 458
439 148 699 198 MILES
750 125 1270 207 GLORiosu’S.
1374 167 1502 208 ·v.1=

571 300 960 350 SCENA
1040 306 1155 352 IX.

213 421 495 464 PUER‚
569 427 1500 486 PYRGQPOLINIGES.

735 546 988 580 PUER.

1009 606 1015 622 ι

211 593 351 706 NE
377 677 455 707 me
479 664 731 708 moneatis:
757 664 956 709 memini
978 681 1065 729 ego
1089 667 1297 714 officium
1315 685 1499 715 meum.

210 733 314 797 Ego
331 735 432 798 jam
458 737 741 782 conveniam
759 737 932 783 illunc:
961 738 1047 784 ubi
1065 740 1150 785 ubi
1171 753 1237 786 est
1257 742 1505 806 gentium,

211 806 540 874 Investigabo:
577 827 746 871 operae
775 827 877 857 non
902 827 1043 873 parco
1070 829 1216 859 meae.

410 895 1328 933 PYRGOPOLINICES.

211 952 294 998 Me
321 955 504 1015 quaerit
529 956 637 1002 illic.
665 957 748 1003 ibo
774 958 885 1003 huic
908 974 1058 1020 puero
1088 958 1296 1006 obviam.

736 1043 765 1075 P
806 1043 841 1076 U
876 1044 906 1076 E
943 1044 991 1077 R.

211 1099 367 1146 Ehem
394 1113 442 1148 te
464 1119 655 1164 quaero.
687 1106 842 1163 salve,
866 1107 938 1152 vir
966 1105 1270 1167 lepidissume
1289 1140 1309 1164 ,
1368 1143 1371 1146 .
1399 1101 1401 1103 ¹

215 1173 470 1223 Cumulate
499 1180 866 1226 commoditate:
900 1192 1082 1243 praeter
1110 1192 1287 1227 ceteros

212 1244 329 1294 Duo
359 1249 441 1296 Dii
475 1268 623 1311 quem
653 1265 834 1299 curant.

411 1335 1316 1373 PYRGOPOLINICES.

834 1398 938 1467 Qui
965 1398 1098 1445 duo?

732 1484 760 1516 P
797 1482 832 1515 U
868 1484 898 1515 E
934 1484 981 1516 R.

1093 1536 1214 1582 Mars
1247 1547 1294 1581 et
1323 1535 1501 1597 Venus.

415 1618 1326 1657 P'YRGOPOLINICES.

217 1676 444 1724 Facetum
475 1683 709 1740 puerum!

738 1761 766 1792 P
805 1759 839 1792 U
875 1760 904 1792 E
944 1759 991 1792 R.

731 1821 865 1865 Intro
899 1831 946 1865 te
981 1831 1036 1865 ut
1065 1836 1136 1865 eas
1165 1820 1387 1866 obsecrat.

217 1886 290 1933 Te
319 1890 450 1946 volt,
480 1901 527 1935 te
557 1892 768 1951 quaerit,
800 1902 950 1951 teque
985 1903 1256 1952 exspectans
1287 1891 1495 1952 deperit:

216 1957 410 2005 Amanti
437 1960 505 2006 fer
534 1978 702 2024 opem:
736 1963 857 2023 quid
881 1962 999 2008 stas?
1028 1962 1147 2023 quin
1171 1963 1296 2008 intro
1320 1963 1389 2008 is?

411 2055 1312 2091 PYRGOPOLINICES.

1413 2110 1506 2170 Eo„

738 2187 768 2219 P
804 2187 839 2220 U
874 2187 904 2219 E
941 2186 988 2219 R.
1485 2195 1487 2197 ·

217 2247 351 2309 Ipsus
382 2248 476 2293 illic
512 2264 606 2293 sese
630 2248 731 2311 jam
760 2247 994 2308 inpedivit
1025 2247 1072 2292 in
1102 2249 1268 2311 plagas.

218 2320 407 2367 Paratae
431 2321 624 2368 insidiae
657 2333 780 2367 sunt.
817 2321 867 2366 in
892 2332 1014 2367 statu
1041 2334 1127 2367 stat
1156 2338 1299 2368 senex
1320 2357 1334 2379 ‚

220 2396 285 2443 Ut
317 2396 553 2444 adoriatur
583 2398 871 2456 moechum,
906 2398 991 2459 qui
1020 2397 1171 2443 forma
1188 2397 1241 2443 'st
1270 2397 1428 2443 ferox:
