1618 2866
204 213 291 258 152
454 190 1191 241 MENAECHMEI.
1353 208 1480 255 v.23

196 306 515 364 Recreatque:
549 301 710 346 nullus
742 300 911 346 melius
938 300 1223 348 medicinam
1251 301 1374 349 facit.

197 378 271 424 Ita
301 388 367 422 est
397 375 667 420 adulescens
702 372 828 434 ipsus
865 389 991 418 escae
1023 390 1304 433 maxumae,

201 449 399 496 Cerealis
432 464 600 494 coenas
633 447 742 503 dat,
778 447 840 494 ita
869 462 1050 493 mensas
1079 448 1296 494 exstruit:

198 524 373 570 Tantas
401 522 589 567 struices
625 520 880 566 concinnat
913 520 1185 582 patinarias;

196 596 435 644 Standum
456 605 523 640 est
545 595 595 640 in
622 596 774 652 lecto,
798 595 833 639 si
854 594 975 655 quid
1002 593 1062 639 de
1087 608 1277 640 summo
1297 603 1440 654 petas.

199 672 294 719 Sed
319 671 436 716 mihi
469 670 772 715 intervallum
791 669 893 732 jam
920 669 1004 713 hos
1034 667 1130 713 dies
1161 668 1338 714 multos
1365 666 1478 712 fuit:

196 745 349 794 Domi
375 743 585 789 domitus
613 741 683 787 fui
706 733 858 802 usque
881 757 993 787 cum
1017 741 1127 787 caris
1158 740 1287 786 meis.

197 818 324 864 Nam
361 831 523 876 neque
558 813 685 871 edo,
726 829 886 874 neque
925 829 1070 872 emo,
1115 813 1202 858 nisi
1242 811 1379 873 quod
1416 822 1484 858 est

455 887 773 933 carissumum.
1183 936 1198 953 ¹

199 963 258 1010 Id
284 978 486 1023 quoque
503 962 603 1024 jam
630 960 746 1017 cari,
776 959 862 1020 qui
888 959 1216 1015 instruuntur,
1244 957 1479 1004 deserunt.

198 1036 343 1081 Nunc
371 1034 432 1079 ad
458 1050 571 1079 eum
591 1032 755 1078 inviso.
782 1031 864 1077 sed
894 1030 1315 1092 aperiturostium.

200 1107 573 1155 Menaechmum
601 1120 768 1152 eccum
796 1104 955 1165 ipsum
981 1102 1124 1150 video
1141 1137 1155 1161 ,
1182 1101 1482 1166 progreditur

454 1178 587 1226 foras.

563 1315 948 1362 SCENA
1014 1316 1116 1362 11.

226 1453 722 1493 MENAECHMUS
750 1455 993 1507 surreptus‚
1028 1451 1452 1491 PENICULUS.

503 1588 546 1621 M
581 1588 611 1620 E
650 1588 684 1621 N
719 1587 754 1620 A
792 1587 821 1619 E
859 1585 885 1618 C
921 1586 956 1620 Η
990 1586 1033 1618 Μ
1069 1585 1104 1618 U
1141 1584 1178 1619 S.

201 1641 304 1752 N
309 1718 329 1751 1
359 1705 482 1750 mala
502 1737 514 1759 ‚
548 1704 599 1749 ni
629 1704 769 1749 stulta
797 1703 880 1760 sis,
908 1703 959 1748 ni
984 1701 1220 1749 indomita
1243 1702 1483 1764 inposque

446 1792 599 1821 >ammi
615 1810 631 1833 ,

198 1847 353 1918 Quod
369 1847 471 1893 viro
495 1862 587 1891 esse
607 1845 720 1891 odio
735 1844 891 1891 videas
905 1879 918 1901 ,
937 1855 1041 1891 tute
1059 1846 1147 1891 tibi
1165 1845 1278 1892 odio
1297 1844 1481 1890 habeas.

196 1921 470 1969 Praeterhac
501 1920 537 1965 si
560 1920 677 1964 mihi
703 1920 795 1964 tale
821 1929 929 1979 post
954 1919 1085 1964 hunc
1109 1917 1239 1962 diem

197 1994 330 2041 Faxis
350 2028 363 2050 ‚
396 1992 504 2037 faxo
534 1992 642 2037 foris
669 1991 814 2037 vidua
847 1990 960 2036 visas
989 2001 1188 2050 patrem.

196 2067 321 2113 Nam
341 2066 563 2126 quotiens
582 2064 701 2110 foras
718 2065 783 2110 ire
795 2064 933 2119 vole,
952 2078 1032 2108 me
1051 2063 1222 2108 retines
1235 2097 1248 2120 ,
1267 2079 1478 2120 revocas,
1543 2102 1546 2103 γ

195 2139 414 2204 Rogitas,
448 2154 549 2198 quo
575 2154 664 2201 ego
691 2153 794 2182 eam
811 2171 824 2193 ,
862 2152 1009 2197 quam
1038 2152 1141 2182 rem
1162 2152 1293 2200 agam
1311 2170 1325 2194 ,
1359 2135 1481 2197 quid

450 2209 615 2273 negoti
644 2225 800 2273 geram
818 2242 831 2265 ‚
1479 2207 1482 2209 ’

197 2283 336 2354 Quid
365 2293 524 2344 petam
541 2318 554 2339 ‚
587 2281 708 2343 quid
735 2281 907 2337 feram,
933 2280 1054 2341 quid
1081 2278 1189 2324 foris
1221 2279 1408 2343 egerim.

195 2356 483 2403 Portitorem
518 2354 722 2401 domum
752 2354 883 2399 duxi.
919 2354 983 2399 ita
1015 2369 1211 2398 omnem
1238 2352 1359 2397 mihi
1409 2352 1414 2356 ’

196 2427 319 2475 Rem
337 2444 521 2474 necesse
544 2429 681 2488 loqui
710 2439 777 2473 est
791 2461 807 2484 ,
829 2426 1072 2488 quidquid
1091 2425 1190 2488 egi,
1211 2438 1356 2485 atque
1374 2438 1475 2487 ago.
