1618 2866
220 186 313 233 268
554 186 1153 236 MERCATOR.
1375 205 1502 249 v.54

635 307 671 339 D
707 307 735 338 E
773 307 816 339 M
851 307 872 339 I
907 307 935 339 P
971 306 1004 339 H
1042 307 1091 340 0.·

1371 358 1500 405 Vale.

531 434 562 467 L
598 435 633 468 Y
670 435 690 469 S
729 436 749 468 I
786 436 828 468 M
856 431 899 468 'A
935 437 961 468 C
998 437 1034 469 H
1070 435 1106 468 U
1143 434 1181 469 S.

221 492 301 540 Ad
321 505 519 556 portum
543 512 776 558 propero:
803 513 916 542 narn
939 497 1008 542 ibi
1036 497 1156 543 mihi
1181 496 1506 562 negotium'st.

634 583 669 615 D
705 583 735 615 E
773 581 815 614 Μ
850 583 871 614 Ι
908 583 936 615 Ρ
978 582 1013 614 H
1052 582 1101 615 ο.

220 638 350 687 Bene
383 641 641 688 ambulato.
1196 698 1201 700 ‚

532 728 564 760 L
602 728 635 761 Y
673 728 695 761 s
735 729 755 761 1
792 730 834 761 M
872 726 906 760 A
945 728 971 759 C
1012 727 1045 759 H
1083 727 1117 759 U
1155 727 1192 760 s.

644 789 773 834 Bene
801 790 971 835 valeto.

631 876 667 908 D
703 875 733 908 E
770 875 812 907 M
847 875 868 907 1
904 875 932 907 P
975 875 1008 907 Η
1045 874 1091 906 0.

473 998 479 1001 .
764 942 768 947 '
935 993 939 996 γ
993 934 1122 979 Bene
1157 934 1214 979 sit
1243 933 1345 979 tibi.

225 1004 364 1073 Quin
394 1008 514 1053 mihi
548 1025 750 1070 quoque
781 1009 922 1054 etiam
947 1009 1002 1053 'st
1035 1007 1096 1053 ad
1129 1018 1326 1069 portum
1363 1022 1510 1071 nego-

486 1091 623 1126 num.

226 1148 371 1198 Nunc
399 1151 518 1198 adeo
542 1154 625 1200 ibo
651 1154 778 1200 illuc.
801 1153 883 1199 sed
907 1163 1108 1214 optume
1130 1161 1327 1215 gnatum
1343 1166 1511 1196 meum

225 1221 413 1282 Video,
454 1227 643 1271 eccum!
691 1225 905 1287 opperiar
939 1224 1215 1271 hominem:
1255 1223 1348 1269 hoc
1379 1237 1520 1268 nunc>

486 1300 606 1344 mihi
632 1301 731 1346 viso
756 1302 809 1346 'st
843 1317 962 1362 opus
981 1334 995 1357 ,

225 1369 355 1416 Huic
385 1373 663 1432 persuadere
683 1408 695 1430 ‚
731 1372 984 1434 quomodo
1008 1372 1132 1432 potis
1162 1370 1277 1415 siem
1297 1403 1313 1426 ‚

227 1442 293 1488 Ut
325 1445 454 1490 illam
483 1446 689 1503 vendat,
716 1463 839 1493 neve
865 1446 947 1492 det
976 1445 1115 1490 matri
1144 1460 1282 1489 suae:

226 1514 352 1561 Nam
392 1517 434 1562 ei
471 1518 602 1564 dono
636 1518 817 1566 advexe
852 1518 1030 1596 gudivi.
1071 1516 1154 1562 sed
1186 1524 1440 1577 praecauto
1460 1514 1515 1561 ’st

488 1607 608 1652 opus
625 1625 639 1648 ,

233 1660 307 1709 Ne
333 1665 393 1710 ad
412 1663 542 1711 illam
567 1683 646 1711 me
669 1667 885 1712 animum
916 1663 1131 1728 adjecisse
1156 1662 1314 1723 aliqua
1335 1659 1516 1706 sentiat.

603 1783 932 1830 SCENA
998 1781 1154 1826 III.

297 1897 868 1936 CHARINUS,
937 1891 1441 1928 DEMIPHO.

623 2013 1134 2051 CHARINUS.

233 2074 343 2187 H
358 2152 389 2184 o
406 2150 490 2183 Mo
519 2153 597 2201 me
627 2134 837 2181 miserior
854 2133 1013 2179 nullus
1034 2141 1100 2176 est
1119 2146 1271 2191 aeque
1284 2164 1297 2187 ,
1320 2128 1516 2190 opinor,

230 2213 404 2272 Neque
429 2210 621 2257 advorsa
652 2208 772 2269 quoi
799 2208 891 2252 sint
919 2206 1055 2266 plura
1081 2204 1378 2265 sempiterna.

230 2284 372 2332 Satin’
387 2318 403 2342 ‚
427 2281 670 2344 quidquid
690 2291 756 2326 est
770 2315 782 2337 ,
802 2290 859 2325 ut
886 2295 1032 2339 quam
1051 2294 1152 2323 rem
1177 2292 1309 2340 agere
1327 2274 1516 2335 occepi,

231 2358 484 2421 Proprium
511 2356 683 2417 nequit
706 2354 824 2400 mihi
854 2352 1039 2399 evenire
1059 2385 1071 2407 ‚
1106 2350 1243 2411 quod
1273 2346 1451 2409 cupio?

230 2433 302 2479 Ita
331 2432 450 2478 mihi
476 2432 598 2478 mala
624 2446 692 2476 res
725 2428 947 2492 objicitur
978 2426 1134 2487 aliqua
1154 2459 1170 2483 ‚

1607 1693 1618 2099 “-.-.“.μ-Μα,«-·..,-.-,ι-μ..,
1615 1655 1618 1667 ,Α
1615 1634 1618 1638 .
1611 1538 1618 1600 -..,Α.
1616 1508 1618 1510 .
1615 1452 1618 1457 ,
1614 1419 1618 1425 .

1603 2321 1618 2748 *ww—..finn-ffhss-——a-bza—-ss—...a
1606 2262 1608 2267 ·
