1618 2866
217 217 308 251 120
567 202 1099 254 EPIDICUS‚
1373 213 1500 274 v.63·

210 310 444 356 Mercatus
476 321 523 356 te
548 311 693 356 hodie
723 322 791 356 est
815 310 874 356 de
904 312 1080 358 lenone
1100 311 1405 376 Apoecides?

209 384 461 432 Ehodum!

601 471 632 504 F
667 471 689 504 I
725 471 759 503 D
800 471 819 503 I
859 473 885 504 C
925 473 947 505 Ῐ
981 474 1014 506 N
1051 473 1100 507 A·

455 531 558 595 Ego
583 531 737 577 istunc
763 532 1013 578 hominem
1035 547 1309 596 numquam
1336 535 1497 584 audivi

991 619 1100 652 ante
1124 608 1254 653 hunc
1273 607 1402 654 diem
1416 643 1431 666 ,

205 679 380 740 Neque
397 696 476 725 me
496 680 698 740 quidem
725 697 881 726 emere
909 681 1164 741 quisquam
1183 682 1279 727 ulla
1295 682 1498 743 pecunia

206 755 393 801 Potuit:
429 756 535 816 plus
551 756 652 818 jam
676 772 781 800 sum
814 755 960 801 libera
988 755 1398 816 quinquennium.

510 848 1159 883 PERIPH·ANES.

205 912 343 982 Quid
368 912 457 958 tibi
481 911 645 975 negoti
664 912 717 956 ’st
741 929 874 958 meae
903 912 1038 958 domi
1057 913 1234 976 igitur?

589 1010 618 1042 F
656 1010 676 1041 1
713 1010 747 1041 D
788 1010 807 1042 1
844 1011 870 1042 c
907 1011 927 1043 1
964 1011 997 1044 N
1033 1010 1084 1044 A.

1271 1064 1463 1113 Audies.

208 1134 460 1182 Conducta
487 1136 626 1192 veni,
655 1146 711 1181 ut
737 1135 913 1182 fidibus
943 1147 1180 1184 cantarem
1205 1138 1331 1196 seni,

204 1209 340 1257 Dum
364 1227 468 1258 rem
495 1210 709 1256 divinam
739 1210 921 1258 faceret.

522 1311 551 1344 P
586 1311 616 1343 Ε
653 1311 686 1344 R
715 1311 735 1342 1
773 1312 799 1343 P
837 1311 871 1344 Η
907 1312 941 1344 Α
978 1313 1011 1344 N
1047 1313 1076 1344 E
1115 1311 1153 1345 s.

939 1372 1104 1418 Fateor
1131 1388 1210 1418 me
1237 1372 1461 1419 omnium

202 1442 479 1489 Hominum
506 1461 598 1490 esse
624 1444 822 1490 Athenis
850 1443 1015 1490 Atticis
1043 1444 1231 1490 minimi
1257 1447 1392 1507 preti.

205 1514 300 1561 Sed
326 1527 381 1562 tu
410 1518 630 1564 novistin’
665 1517 907 1564 fidicinam
929 1517 1362 1578 Acropolistidem?
1395 1567 1399 1570 Δ

594 1620 623 1651 F
660 1620 681 1651 1
717 1620 752 1651 D
791 1619 812 1652 1
851 1619 877 1650 c
916 1619 938 1650 1
972 1620 1005 1651 N
1042 1622 1091 1651 A.

203 1675 328 1724 Tam
350 1678 511 1738 facile,
538 1696 685 1741 quam
714 1697 807 1726 me.

522 1775 552 1808 P
588 1775 618 1807 E
656 1777 687 1809 R
725 1776 744 1808 I
784 1777 811 1810 P
850 1777 883 1808 H
918 1775 953 1809 A
988 1777 1022 1809 N
1057 1777 1087 1809 E
1125 1776 1164 1811 S.

653 1837 747 1883 Ubi
765 1838 977 1884 habitat?
1031 1875 1036 1878 .

594 1936 624 1969 F
660 1937 681 1969 1
717 1938 752 1970 D
789 1938 810 1970 1
847 1939 872 1970 c
910 1939 931 1970 1
966 1939 999 1970 N
1034 1937 1082 1970 A.

864 1998 1124 2059 Postquam
1141 1996 1286 2043 libera
1300 1995 1353 2042 ’st
1365 2030 1378 2054 ,
1398 1997 1485 2044 ubi

203 2067 402 2114 Habitet
432 2067 579 2126 dum,
608 2070 789 2118 incerto
819 2072 928 2117 scio.

511 2172 540 2204 Ρ
574 2173 605 2205 Ε
641 2174 674 2206 R
710 2175 730 2206 1
766 2175 794 2207 Ρ
832 2175 865 2207 Η
903 2173 937 2206 A
964 2173 999 2205 N
1033 2174 1062 2205 Ε
1101 2173 1140 2206 s.

625 2232 755 2278 Eho!
785 2233 907 2278 ain’?
940 2231 1044 2293 quis
1069 2248 1172 2277 eam
1190 2231 1483 2290 liberaverit,

202 2299 330 2350 Volo
357 2301 496 2362 scire,
526 2303 561 2349 si
584 2305 679 2350 scis.

588 2390 620 2425 F
655 2389 678 2422 1
713 2390 749 2421 D
786 2389 807 2422 1
843 2390 870 2422 c
905 2389 925 2421 1
961 2389 995 2421 N
1029 2389 1078 2422 A.

700 2449 761 2498 Id
789 2449 927 2511 quod
955 2450 1144 2508 audivi,
1177 2449 1349 2497 audies.
