1618 2866
194 142 290 189 300
527 121 1132 174 MERCATOR.
1379 139 1481 175 v.1'

491 255 945 313 ACTUS
1025 256 1170 314 IV.

593 373 920 424 SCENA
986 374 1027 420 Ι.

414 491 911 529 DORIPPA,
992 490 1254 527 SYRA.

606 611 1062 648 DORIPPA.

191 660 353 831 QU
369 742 400 776 o
421 743 453 776 N
474 743 493 775 1
516 741 550 775 A
567 741 611 774 M
649 746 675 774 a
701 728 803 775 viro
825 729 886 774 ad
912 746 992 775 me
1018 745 1095 776 rus
1125 728 1320 776 advenit
1349 744 1477 776 nun-⁴

441 802 533 847 tius
555 837 569 859 ‚

188 875 287 922 Rus
314 891 414 921 non
443 876 660 934 iturum,
691 876 781 922 feci
814 893 901 941 ego
932 877 1180 941 ingenium
1212 892 1410 933 meum,

186 949 401 1006 Reveni,
434 960 489 994 ut
518 950 657 995 illum
694 965 973 1011 persequar,
1004 950 1101 1013 qui¹
1120 965 1199 995 me
1225 949 1387 1014 fugin

186 1022 283 1069 Sed
315 1040 463 1069 anum
498 1040 599 1069 non
631 1023 774 1069 video
805 1023 1038 1083 consequi
1061 1034 1268 1068 nostram
1291 1021 1472 1084 Syram.

184 1095 376 1157 Atque,
408 1111 596 1154 eccam,
630 1096 809 1142 incedit
838 1095 1048 1142 tandem.
1083 1095 1204 1156 quin
1238 1094 1273 1140 is
1305 1094 1475 1141 ocius?

702 1182 724 1215 s
758 1160 794 1215 'Y
830 1184 863 1216 R
898 1182 947 1215 A.

184 1244 392 1305 Nequeo
421 1254 682 1300 mecastor,
714 1254 905 1290 tanturn
936 1242 1030 1288 hoc
1063 1241 1196 1289 oneri
1215 1242 1297 1299 ’st‚
1335 1240 1475 1303 quod

441 1315 556 1361 fero.

603 1392 1055 1426 DORIPPA.

186 1445 324 1516 Quid
351 1446 539 1492 oneris?

705 1523 728 1557 S
763 1523 797 1556 Y
833 1524 867 1556 R
901 1521 950 1554 A.

542 1583 707 1630 Annos
736 1583 976 1648 octoginta
1005 1593 1053 1628 et
1077 1592 1308 1643 quatuor:

185 1658 246 1704 Et
275 1658 448 1704 eodem
478 1658 658 1704 accedit
690 1658 912 1714 servitus,
937 1655 1110 1712 sudor,
1140 1655 1266 1701 sitis:

184 1729 339 1777 Simul
365 1733 479 1778 haec
495 1767 509 1790 ,
539 1748 662 1792 quae
687 1744 858 1793 porto,
888 1730 1179 1791 deprimunt.

596 1819 632 1853 D
672 1819 704 1851 O
742 1819 776 1852 R
812 1819 831 1851 1
867 1819 895 1851 P
936 1819 964 1851 P
1006 1817 1055 1849 A.

441 1915 446 1918 ,
1088 1867 1289 1929 Aliquid
1307 1866 1436 1914 cedo
1454 1900 1477 1925 ,

184 1944 287 2014 Qui
314 1945 435 1990 hanc
457 1944 602 1991 vicini
626 1944 774 1993 nostri
805 1960 932 1990 aram
958 1959 1155 2007 augeam
1171 1976 1185 2000 ,
1216 1940 1344 2005 Syra.

701 2028 723 2061 S
762 2029 796 2061 Y
833 2031 866 2063 R
902 2029 951 2062 A.

183 2090 257 2138 Da
291 2109 399 2140 sane
428 2093 550 2140 hanc
576 2091 756 2155 virgam
782 2089 915 2137 lauri.

598 2179 634 2212 D
675 2178 708 2211 Ο
745 2179 779 2212 R
812 2178 833 2211 I
868 2178 896 2211 P
933 2178 962 2211 P
999 2179 1048 2211 A.

890 2238 985 2286 Abi
1008 2241 1110 2304 jam
1135 2248 1191 2286 tu
1225 2237 1368 2284 intro.
1396 2278 1401 2282 .

696 2323 719 2357 S
758 2324 792 2358 Y
827 2325 862 2360 R
901 2325 951 2358 A.
1375 2371 1417 2419 E

1420 2387 1464 2418 o.
