1618 2866
221 154 318 219 258
571 155 1173 209 MERCATOR.
1381 178 1510 224 v.75

605 281 1129 321 ACANTHIO.

351 350 478 398 Tam
503 350 660 400 hercle
696 363 850 413 certe,
878 371 1027 417 quam
1055 370 1144 423 ego
1175 368 1250 417 te,
1283 376 1335 407 ac
1358 370 1413 407 tu
1431 376 1513 408 me

1198 430 1343 479 vides.

609 511 636 544 C
672 511 708 546 H
743 513 778 546 A
812 516 846 549 R
881 515 974 555 1.N
1009 516 1045 550 U
1080 517 1119 552 S.

222 571 319 620 Ubi
345 588 450 619 eam
476 571 638 620 vidit?

599 659 634 692 A
669 659 696 692 c
733 660 768 693 A
804 662 839 695 Ν
877 661 908 694 Τ
944 662 979 696 Η
1013 663 1035 695 1
1073 663 1122 697 o.

523 727 658 772 Intus
682 727 804 774 intra
830 730 1022 789 navim,
1055 731 1129 777 uti
1157 721 1310 796 prope
1333 733 1508 793 astitit,

215 809 279 857 Et
311 825 423 855 cum
454 824 507 853 ea
531 806 842 855 confabulatu
860 810 928 857 'st.

611 903 638 935 C
677 903 713 936 H
747 903 783 937 A
816 906 851 939 R
887 906 909 939 1
944 906 979 939 N
1014 905 1049 939 U
1086 905 1124 939 S·

855 975 1117 1032 Perdidisti*
1134 992 1214 1022 me
1230 1010 1244 1034 ‚
1278 979 1437 1038 pater!

213 1047 320 1095 Eho
344 1058 428 1106 tu,
460 1047 554 1094 eho
579 1057 665 1104 tu,
696 1047 818 1109 quin
846 1048 1034 1106 cavisti,
1065 1064 1128 1095 ne
1159 1065 1264 1095 eam
1291 1050 1506 1110 videret,

466 1122 701 1181 verbero?

211 1196 350 1266 Quin
369 1231 383 1254 ,
417 1195 636 1251 sceleste,
673 1193 1005 1254 abstrudebas,
1039 1211 1103 1243 ne
1127 1212 1232 1244 eam
1263 1196 1506 1259 conspice-

464 1279 536 1313 ret
563 1267 732 1329 pater?

585 1361 621 1392 A
660 1360 686 1392 c
725 1359 760 1392 A
800 1360 835 1393 Ν
873 1359 905 1392 Τ
941 1360 975 1392 Η
1009 1360 1032 1393 1
1070 1362 1118 1394 o.

209 1430 342 1501 Quia
371 1427 605 1493 negotiosi
636 1444 818 1473 eramus
851 1444 939 1473 nos
970 1429 1139 1474 nostris
1179 1425 1408 1494 negotiis·

211 1501 531 1568 Armamentis
580 1499 904 1562 conplicandis
947 1510 996 1546 et
1034 1503 1364 1563 conponendis
1405 1514 1505 1551 stu-

468 1576 674 1622 duimus.

209 1650 346 1698 Dum
382 1652 498 1698 haec
526 1659 763 1713 aguntur,
798 1648 966 1695 lembo
993 1647 1245 1728 advehitur
1277 1659 1389 1696 tuus
1419 1665 1502 1711 pa-

466 1734 536 1769 ter
566 1723 862 1785 pauxillulo.

208 1795 384 1857 Neque
405 1796 661 1874 quisquam
682 1795 932 1840 hominem
948 1795 1223 1856 conspicatu
1233 1795 1315 1852 ’st,
1340 1794 1496 1841 donec

463 1867 827 1926 innavisuper.

597 1960 1034 1993 CHARINU
1073 1959 1110 1993 s.

208 2031 558 2093 Nequidquam
597 2048 725 2077 mare
765 2030 1029 2094 subterfugi
1061 2031 1202 2079 saevis
1241 2042 1523 2096 tempesta-,

457 2104 597 2150 tibus.

180 2177 449 2239 ‘Equidem
473 2178 573 2242 jam
603 2194 682 2224 me
706 2176 956 2223 censebam
986 2194 1079 2224 esse
1114 2178 1165 2223 in
1192 2189 1311 2226 terra
1345 2190 1496 2241 atque

458 2250 509 2295 in
536 2260 644 2296 tuto
671 2251 808 2296 loco:

202 2319 387 2367 Verum
406 2321 549 2367 video
573 2338 651 2371 me
674 2321 735 2371 ad
767 2337 873 2367 saxa
900 2321 1008 2368 ferri
1041 2322 1183 2371 saevis
1211 2322 1453 2371 fluctibus.

203 2393 427 2457 Loquere
456 2411 627 2458 porro,
656 2395 777 2457 quid
811 2396 867 2441 sit
896 2407 1069 2443 actum.
