1618 2866
237 133 328 181 608
696 133 733 178 Ρ
769 134 807 179 Ε
841 133 883 179 R
916 132 946 180 s
979 133 1035 179 A.
1423 155 1467 185 v.
1487 106 1522 198 3⁷

234 243 303 287 Ita
340 240 504 286 aneilla
531 257 637 285 mea
668 257 791 301 quae
827 239 920 285 fuit
947 240 1120 298 hodie,
1154 258 1235 288 sua
1260 259 1402 289 nunc?
1421 255 1515 291 est:

487 323 677 376 argento
713 313 853 360 vicit:

228 386 337 444 jam
368 385 513 431 hodie
548 386 758 432 alienum
789 388 1040 445 coenabit,
1077 387 1198 434 nihil
1228 390 1431 453 gustabit
1457 392 1520 437 de

491 476 615 504 meo.

234 533 415 579 Sumne
443 532 654 594 probus?
688 549 793 578 sum
821 532 1008 593 lepidus
1039 533 1178 592 civis,
1207 534 1293 595 qui
1311 533 1518 582 Atticam

490 608 637 653 hodie
667 607 909 652 civitatem

234 681 512 726 Maxumam
532 681 758 743 majorem
775 679 863 724 feci
874 714 887 736 ,
908 691 1053 740 atque
1069 681 1180 727 auxi
1196 682 1290 728 civi
1309 680 1520 730 femina?

231 751 328 800 Sed
356 764 412 797 ut
442 763 488 798 et
521 768 607 815 ego
637 751 783 797 hodie
812 751 882 797 fui
906 752 1161 816 benignus!
1192 765 1246 800 ut
1275 770 1363 819 ego
1393 756 1522 801 mul-

418 829 422 836 '
485 825 542 870 tis
561 825 782 870 -credidj!

230 895 331 943 Nec
350 897 452 941 satis
480 915 506 942 a
532 897 766 956 quiquam
792 896 990 942 homine
1006 897 1184 959 accepi:
1219 897 1283 943 ita
1305 914 1520 959 prorsum

489 968 740 1014 credebam
772 968 1008 1014 omnibu&

231 1042 332 1091 Nec
363 1053 529 1088 metuo
558 1043 731 1102 quibus
759 1043 939 1089 credidi
969 1043 1141 1102 hodie,
1164 1060 1228 1091 ne
1259 1045 1363 1105 quis
1397 1045 1514 1092 mihi

497 1116 548 1160 in
577 1117 683 1179 jure
717 1116 967 1180 abjurassit.

231 1188 392 1235 Bonus
409 1190 520 1236 volo
531 1190 632 1252 jam
650 1206 711 1234 ex
728 1190 819 1235 hoc
838 1190 916 1234 die
935 1207 1046 1236 esse:
1079 1190 1215 1251 quod
1232 1205 1392 1252 neque
1411 1191 1517 1249 fiet,

485 1278 645 1322 neque
675 1261 781 1307 fuit.

653 1355 1094 1391 TOXILU'S.

233 1425 378 1471 Hunc
406 1442 492 1489 ego
514 1426 763 1471 hominem
785 1424 927 1470 hodie
958 1426 1010 1470 in
1041 1437 1341 1482 transennam
1369 1425 1519 1472 doctis

487 1499 659 1544 ducam
689 1497 839 1556 dolis,

231 1572 400 1631 Itaque
435 1572 545 1617 huic
575 1571 766 1617 insidiae
797 1583 981 1634 paratae
1012 1586 1122 1621 sunt
1153 1574 1321 1637 probe.
1357 1589 1518 1639 aggre-

491 1645 590 1690 diar
623 1645 793 1691 virum.

234 1716 370 1786 Quid
404 1718 531 1780 agis?

620 1797 656 1828 D
695 1797 727 1828 o
765 1799 799 1830 R
833 1798 868 1829 D
907 1797 942 1829 A
977 1798 1009 1830 L
1045 1798 1081 1831 U
1118 1797 1154 1831 s.

416 1892 423 1901 .
492 1854 664 1900 Credo.

637 1929 684 1972 *T
722 1941 754 1973 o
791 1941 827 1972 x
863 1940 883 1972 1
917 1941 947 1972 L
986 1939 1022 1971 U
1060 1939 1095 1972 s.

638 2006 780 2054 Unde
809 2008 900 2071 agis
922 2019 969 2053 te
984 2042 997 2065 ,
1015 2007 1262 2053 Dordale?

621 2104 658 2137 D
697 2104 730 2137 Ο
766 2105 800 2137 R
835 2104 870 2136 D
907 2103 940 2138 A
979 2103 1009 2135 L
1046 2102 1080 2135 U
1119 2102 1153 2136 S.

1226 2154 1384 2201 Credo
1414 2155 1514 2202 tibi.

658 2234 690 2267 T
729 2234 761 2266 Ο
801 2234 838 2267 X
872 2233 893 2265 Ῐ
928 2233 959 2265 L
996 2232 1031 2265 U
1069 2231 1106 2265 S.

240 2299 321 2346 Dii
355 2300 502 2358 dent,
539 2317 662 2362 quae
694 2302 819 2346 velis,
859 2301 979 2358 eho,
1003 2316 1061 2346 an
1086 2301 1187 2365 jam
1219 2317 1367 2347 manu
1401 2299 1517 2346 emi-

490 2375 584 2421 sisti
610 2375 892 2422 mulierem?
