1618 2866
133 181 179 215 v.
213 180 299 221 1202
415 166 745 215 .ACTUS
795 167 833 213 1.
885 165 988 214 SC.
1042 166 1167 214 111.
1324 165 1418 226 485

424 288 1160 335 PHJL·EMAT1UM.

884 350 986 420 Qui
1020 350 1161 396 malas
1189 347 1417 396 oblinam.

790 435 819 468 P
860 435 895 467 Η
933 435 983 468 A.

131 491 238 540 Una
265 509 408 555 opera
437 494 556 540 ebur
575 432 838 540 atramssxto
867 493 1166 540 candefacere
1186 493 1412 556 postules.

425 587 1132 622 PHILOLACHES.

132 644 314 708 Lepide
344 645 530 694 dictum
561 647 621 693 de
642 659 907 695 atramento
937 660 1085 710 atque
1109 649 1267 695 eboxe.
1297 662 1419 712 euge

389 721 569 783 plaudo
595 721 816 784 Scaphae.

420 805 1157 841 PHILEMATIUM.

132 864 265 912 Tum
284 875 341 912 tu
370 866 512 930 igitur
539 866 659 913 cedo
692 868 1034 929 purpurissum.

591 962 613 995 s
654 963 680 994 c
721 963 755 995 Α
791 964 819 996 Ρ
859 964 893 996 Η
930 965 980 997 Α.

630 1022 744 1068 Non
778 1022 868 1070 do:
901 1025 1013 1070 scita
1038 1040 1083 1069 es
1112 1035 1170 1069 tu
1202 1021 1417 1083 quidem.

132 1092 271 1139 Nova
288 1095 470 1156 pictura
498 1095 783 1156 interpolare
799 1097 868 1143 vis
896 1114 1015 1159 opus
1042 1094 1416 1158 lepidissumum.

133 1164 247 1211 Non
279 1167 424 1214 istanc
461 1179 663 1214 aetatem
697 1181 888 1232 oportet
917 1171 1222 1235 pigmentum
1257 1167 1416 1211 ullum

393 1241 648 1303 attingere,
1423 1302 1425 1304 ,

135 1308 308 1371 Neque
334 1329 562 1359 cerussam
578 1348 592 1370 ‚
620 1329 781 1373 neque
801 1311 1061 1369 melinum,
1082 1327 1243 1373 neque
1266 1311 1414 1357 ullam

386 1386 525 1432 aliam
558 1385 795 1435 offuciam.
1094 1379 1097 1381 μ

135 1454 263 1518 Cape
292 1458 435 1522 igitur
465 1461 727 1521 speculum.

423 1544 1207 1587 PHILOLACHES.‚

357 1604 452 1650 Hei
475 1606 595 1652 mihi
622 1606 791 1651 misero
805 1640 819 1662 ,
839 1606 1021 1652 savium
1048 1605 1241 1667 speculo
1263 1595 1411 1651 dedit.

136 1677 287 1723 Nimis
310 1678 458 1725 velim
482 1679 690 1741 lapidem
705 1711 720 1736 ‚
750 1679 837 1740 qui
865 1695 952 1744 ego
972 1680 1040 1726 illi
1060 1680 1254 1741 speculo
1272 1681 1418 1727 dimi«

385 1767 533 1797 nuam
562 1763 717 1814 caput.

218 1879 220 1881 Ι
588 1836 612 1870 s
649 1837 676 1869 c
710 1836 746 1869 A
781 1837 811 1869 Ρ
845 1836 880 1869 Η
916 1836 966 1869 A.

137 1894 361 1945 Linteum
385 1915 498 1960 cape
516 1933 531 1956 ‚
565 1910 712 1960 atque
744 1910 932 1962 exterge
961 1897 1051 1943 tibi
1083 1914 1263 1945 manus,

356 1981 1157 2028 ,PHILEMATIHsaeu

898 2042 1036 2110 Quid
1059 2042 1124 2087 ita
1140 2077 1154 2099 ‚
1184 2042 1414 2091 obsecro?

585 2124 607 2158 s
643 2126 670 2158 c
707 2125 743 2159 A
777 2126 805 2158 Ρ
843 2125 878 2157 Η
914 2127 964 2156 A.

139 2183 204 2235 Ut
231 2184 475 2245 speculum
498 2186 716 2243 tenuisti,
744 2196 911 2231 metuo
927 2218 943 2241 ‚
966 2200 1030 2229 ne
1062 2185 1221 2231 oleant
1247 2199 1416 2250 argen-'

389 2266 496 2300 tum
524 2273 712 2304 manus:
1158 2296 1162 2298 .

139 2326 213 2374 Ne
229 2341 433 2387 usquam
454 2341 700 2390 argentum
716 2342 767 2395 *te
784 2330 1010 2393 accepisse
1035 2329 1293 2393 suspicetm
1304 2329 1413 2374 Phi-

396 2397 609 2447 lolaches.
682 2422 687 2426 ·

972 2458 1216 2532 'Hh3
