1618 2866
83 217 211 262 ιη
363 200 653 250 ACTUS
703 200 804 247 IV.
863 198 960 246 SC.
1013 200 1115 247 IV.
1302 210 1362 258 51

290 319 1167 360 TRERAPONTIGORUS.

82 385 226 458 Quid
248 384 395 432 fecisti
412 385 435 430 ?

102 450 114 464 ⁶
603 456 634 492 1.
670 455 708 492 Y
741 458 769 491 c
805 459 853 492 0.

320 525 475 598 Quod
497 523 750 581 mandasti,
772 525 862 572 feci
884 527 956 572 tui
977 526 1170 572 honoris
1197 526 1363 589 gratim

84 602 257 650 Tuum
273 601 360 663 qui
381 601 568 664 signum
587 596 651 643 ad
668 612 750 643 me
773 599 1026 658 attulisset,
1052 600 1282 646 nuntium
1303 610 1367 645 ne

302 718 310 725 ,
338 686 618 732 spernerem.
1264 695 1267 697 -

328 759 1142 796 THERAPONTIGONUS.
1292 800 1303 807 ,

91 829 289 878 Stultior
316 829 463 875 stulto
493 827 652 885 fuisti,
682 828 768 889 qui
797 828 850 873 iis
880 828 1060 874 tabellis
1090 827 1311 875 crederes.
1389 887 1393 893 .

604 923 635 956 1.
670 924 706 957 Y
741 925 767 956 c
805 925 851 958 o.

39 1005 42 1007 ’
88 992 211 1061 Quis
243 1009 313 1040 res
347 988 540 1053 publlca
570 1002 621 1037 ‘et
653 992 834 1053 privata
867 993 1041 1057 geritur
1057 1027 1071 1051 ‚
1115 1008 1279 1039 nonne
1311 992 1364 1039 iis

340 1063 578 1110 crederem
594 1064 616 1108 Ρ

91 1133 193 1202 Ego
213 1138 346 1184 abeo.
365 1136 454 1182 tibi
471 1153 539 1181 res
558 1137 711 1182 soluta
723 1134 780 1181 'st
801 1146 940 1183 recte.
969 1137 1168 1184 bellator
1180 1173 1194 1196 ,
1212 1136 1329 1185 vale.

305 1227 1144 1265 THERAPon‘rrsoNus.
1180 1218 1196 1235 ‘⁸

92 1295 231 1367 Quid
258 1296 438 1343 valeam
453 1295 477 1340 ?

598 1370 630 1404 L
665 1369 700 1405 Y
735 1370 763 1404 C
802 1371 851 1405 0»

253 1436 320 1487 At
342 1450 398 1487 tu
422 1449 634 1504 aegrota,
661 1440 698 1486 si
721 1439 858 1486 lubet
875 1473 890 1498 ‚
918 1454 1004 1501 per
1029 1455 1135 1497 me,
1162 1452 1364 1490 aetatem

980 1519 985 1521 Α
1019 1514 1232 1573 quidem.

328 1587 1145 1639 TntnAPoNTIGonus

93 1671 232 1744 Quid
259 1689 351 1739 ego
383 1689 515 1720 nunc
544 1673 742 1721 faciam?
775 1674 896 1735 quid
930 1673 1070 1720 refert
1102 1692 1181 1721 me
1197 1675 1368 1724 'fecisse

193 1750 197 1754 ⁴
345 1747 531 1810 regibus
546 1780 562 1802 ,

97 1815 163 1863 Ut
185 1817 305 1863 mihi
332 1818 607 1875 obedirent,
634 1819 672 1864 si
698 1819 775 1865 hic
802 1834 881 1865 me
910 1819 1054 1866 hodie
1081 1822 1370 1870 umbraticus

348 1891 589 1938 deriserit?

457 2016 820 2065 SCENA
895 2021 1007 2068 IV.

109 2119 1372 2203 CAPPAposst.THERAPONTIGONUS.

473 2259 1000 2294 CAPPADOX.

114 2305 331 2471 Qum
363 2370 549 2417 homini
575 2373 656 2418 Dii
683 2387 793 2422 sunt
820 2376 1045 2439 propitii,
1082 2377 1125 2421 ei
1153 2390 1253 2420 non
1285 2388 1378 2420 esse

362 2457 498 2492 natos
526 2458 662 2508 puto.

1060 2521 1167 2569 D2
