1618 2866
31 187 153 231 v.71
318 162 618 219 ΑΟΤΠΞ
656 169 717 218 V.
768 166 871 219 SC.
918 170 1022 218 IX.
1215 184 1311 238 931

211 271 1141 346 MsskAEcnmussurreptus.

35 364 173 437 Quid
199 374 296 411 erat
320 378 501 409 nomen
527 372 711 408 nostrae
736 360 911 407 matri?

219 445 1119 495 MENAEchusSosicles.

494 526 503 534 ⁰
716 517 1100 564 Theusimaxche.

212 611 324 646 ,ΒΕ-Ε
359 611 394 645 N
426 611 464 645 A
495 610 528 644 E
564 609 593 643 C
629 609 667 643 H
699 608 744 642 M
778 608 816 642 U
851 609 875 644 S
904 611 1139 664 surreptus.

1032 671 1286 720 Convenit.

43 747 93 793 O
111 747 259 804 salve,
279 744 537 806 insperate,
560 745 723 792 multis
746 745 878 792 annis
895 756 1007 807 post
1032 762 1182 807 quem
1207 763 1321 795 con-

296 818 479 882 spicor,

30 884 230 939 Frater!

222 969 883 1004 MENAECHMUS
926 958 1121 1005 Sosicles.

41 1072 61 1099 0
174 1038 238 1085 Et
264 1048 345 1094 tu,
377 1052 525 1097 quem
548 1052 635 1099 ego
661 1034 822 1080 multis
845 1034 1020 1080 miseris
1040 1036 1282 1083 laboribus

42 1113 206 1175 Usque
236 1111 393 1158 adhuc
424 1108 659 1170 quaesivi,
701 1122 953 1169 quemque
998 1124 1087 1172 ego
1120 1124 1213 1155 esse
1243 1110 1326 1156 'in-

89 1212 128 1254 .
295 1193 500 1231 ventum
532 1181 732 1246 gaudeo.

424 1276 468 1309 M
504 1277 534 1309 E
572 1275 595 1309 S
632 1275 655 1309 S
689 1276 720 1308 E
755 1275 792 1308 N
826 1274 849 1307 1
885 1270 936 1308 O.

50 1340 158 1387 Hoc
194 1349 315 1395 erat,
355 1337 492 1399 quod
521 1337 636 1382 haec
673 1346 722 1381 te
753 1335 978 1381 mereuix
1011 1335 1155 1400 hujus
1186 1352 1327 1384 voca-

299 1411 384 1458 bat
408 1409 623 1456 nomine.

53 1485 201 1532 Hunc
231 1483 451 1531 censebat
481 1493 530 1528 te
559 1497 652 1528 esse
669 1515 684 1539 ,
723 1480 865 1527 credo
881 1515 896 1539 ‚
927 1473 1081 1542 quom
1107 1492 1247 1528 vocat
1276 1493 1329 1529 te

257 1568 269 1581 ·
298 1557 360 1603 ad
384 1555 654 1619 prandium.

224 1647 888 1687 MENAECHMUS
934 1647 1167 1700 surreptus.

51 1725 275 1786 Namque
304 1723 477 1785 edepol
508 1723 586 1768 hic
617 1722 738 1767 mihi
767 1720 913 1767 hodie
934 1721 1048 1784 jussi
1074 1716 1329 1782 prandium

303 1795 561 1857 apparaxier
579 1829 595 1852 ‚

56 1868 190 1916 Clam
210 1886 368 1916 meam
392 1885 621 1926 uxorem,
648 1867 768 1931 quoi
790 1868 967 1930 pallam
997 1866 1216 1927 subripui
1243 1864 1332 1913 du-

88 1975 95 1982 ·
314 1942 433 1987 dum
468 1941 632 1987 domo.

59 2013 179 2060 Eam
209 2014 322 2060 dedi
342 2014 469 2062 huic.

240 2107 285 2140 M
320 2108 351 2141 E
387 2109 421 2141 N
457 2106 493 2140 A
525 2107 556 2140 E
592 2108 620 2140 c
657 2109 692 2142 Η
727 2107 770 2140 Μ
804 2091 901 2140 Πέ
938 2093 1131 2139 Sosicles.

223 2176 448 2236 Hancne,
477 2178 616 2237 dicis,
643 2177 810 2235 stater,
836 2177 1037 2238 pallam,
1065 2190 1213 2236 quam
1246 2163 1335 2238 ego

1082 2247 1271 2294 habeo?

240 2344 286 2378 M
320 2344 350 2376 E
384 2345 419 2377 N
452 2343 487 2377 A
519 2345 613 2378 Ec
647 2345 682 2378 Η
716 2344 759 2377 Μ
794 2344 830 2376 U
867 2344 890 2377 S
934 2341 1167 2395 surreptus.

66 2403 333 2475 Quomodo
355 2404 469 2454 haec
492 2403 552 2450 ad
570 2414 619 2450 te
646 2404 861 2465 pervenit
874 2404 898 2447 ἐ’
