1618 2866
173 136 268 194 638
636 129 976 185 PERSA.
1364 153 1456 188 v.2

171 242 310 291 Solus
344 255 432 304 ego
471 238 693 286 omnibus
727 238 920 284 antideo
956 238 1119 297 facile,
1159 240 1474 295 miserrumus’

428 313 682 359 hominum
705 324 760 359 ut
787 313 954 360 vivam.

115 438 124 445 ,
172 388 320 436 Perii!
354 387 533 435 interii!
571 403 813 448 pessumus
846 386 922 432 hic
946 387 1064 434 mihi
1090 387 1188 435 dies
1208 386 1354 443 hodie
1383 391 1458 436 in·-

427 460 572 507 luxit!
602 471 858 520 conruptor
1475 468 1477 470 ’

174 537 247 586 Ita
271 551 351 580 me
374 535 574 582 Toxilus
599 533 928 595 perfabricavit
942 569 958 592 ,
984 535 1145 597 itaque
1171 553 1330 584 meam
1357 555 1462 589 rem

427 609 678 656 divexavit.
715 624 722 631 ¹

171 685 463 732 Vehiculum
501 683 678 747 argenti
715 682 853 729 miser
901 682 1048 746 ejeci,
1098 684 1256 730 amisi:
1300 700 1461 745 neque

430 757 744 819 quamobrem
780 757 926 821 ejeci,
956 756 1126 803 habeo.

174 833 281 902 Qui
312 833 450 878 illurn
481 832 697 888 Persam,
724 841 872 910 'atque
907 830 1061 875 omnis
1091 830 1276 888 Persas,
1316 841 1462 892 atque

428 904 570 950 etiam
604 903 757 949 omnis
789 918 1004 964 personas

173 959 301 1026 Male
313 978 394 1025 Dii
418 994 583 1024 omnes
603 977 838 1039 perdant!
858 976 919 1022 ita
937 976 1101 1023 miser!
1127 977 1326 1024 Toxilus
1347 977 1460 1025 haec

428 1051 547 1098 mihi
575 1051 792 1097 concivit.

175 1125 308 1195 Quia
337 1126 380 1172 ei
407 1126 556 1171 fidem
583 1141 683 1170 non
713 1123 858 1170 habui
893 1124 1109 1188 argenti,
1145 1140 1205 1170 eo
1238 1123 1356 1170 mihi
1385 1140 1461 1170 eas

437 1199 671 1245 machinas
703 1198 879 1244 molitu
898 1198 976 1243 'stz

178 1273 346 1342 Quem
379 1273 463 1333 pol
500 1287 586 1334 ego
627 1282 682 1315 ut
714 1286 813 1315 non
849 1269 898 1314 in
930 1270 1192 1316 cruciatum
1229 1280 1373 1331 atque
1407 1270 1459 1316 in

435 1343 664 1405 conpedis
691 1359 884 1406 cogam,
921 1344 957 1388 si
988 1344 1174 1401 vivam,

177 1418 426 1479 Siquidem
448 1418 542 1462 huc
561 1433 792 1478 umquam
811 1418 948 1463 herus
965 1417 1154 1463 redierit
1172 1419 1268 1481 ejus
1283 1451 1297 1475 ‚
1324 1416 1458 1478 quod

431 1505 576 1552 spero.
614 1490 695 1535 sed
724 1490 845 1551 quid
879 1507 967 1555 ego
1002 1490 1205 1551 aspicio?

168 1567 291 1613 -Hoc
307 1566 443 1614 vide!
473 1582 595 1626 quae
622 1565 733 1620 haee
757 1565 916 1611 fabula
932 1566 986 1610 ’st
1001 1565 1022 1608 Ρ
1049 1564 1132 1625 pol
1162 1562 1238 1607 hic
1259 1562 1459 1623 quidem

436 1630 633 1701 petant:
669 1638 917 1703 aggrediar.
955 1654 984 1684 o
1013 1637 1142 1684 bone
1162 1635 1263 1694 vir,

177 1711 364 1761 Salveto
380 1747 394 1770 ‚
427 1724 474 1758 et
504 1724 556 1758 tu
578 1712 707 1758 bona
734 1711 922 1758 liberta!

524 1849 529 1855 .
599 1805 630 1836 T
669 1805 700 1836 o
739 1806 775 1838 X
811 1805 832 1836 1
867 1805 897 1836 L
935 1804 970 1836 U
1006 1804 1042 1836 s.

542 1864 778 1910 Dordalus
804 1865 881 1909 hic
903 1865 1102 1925 quidem
1129 1875 1205 1910 est.

500 1958 524 1992 S
561 1960 596 1993 A
633 1960 665 1993 G
701 1957 737 1991 A
773 1959 807 1991 R
842 1958 863 1990 I
898 1957 920 1990 S
958 1958 988 1990 T
1023 1960 1044 1991 1
1081 1960 1130 1993 Ο.

1012 2020 1154 2090 Quin
1171 2019 1291 2084 jube
1317 2017 1454 2064 adire.

601 2105 633 2138 T
671 2105 703 2138 O
740 2106 776 2139 X
811 2105 832 2137 I
866 2106 894 2138 L
932 2105 967 2138 U
1003 2105 1039 2139 S.

181 2170 307 2229 Adi,
333 2170 364 2215 si
389 2169 521 2215 libet.
551 2169 698 2233 agite,
724 2164 1075 2230 applaudamus.
1100 2166 1337 2225 Dordake,
1367 2166 1456 2212 ho-

431 2259 513 2288 mo
544 2242 873 2303 lepidissume,
910 2243 1042 2288 salve.

185 2317 206 2360 Ι
213 2333 335 2363 ocus
366 2316 443 2362 hic
476 2326 585 2360 tuus
615 2326 706 2371 est,
736 2314 831 2359 huc
863 2314 1101 2359 accumbe.
1135 2313 1252 2360 ferte
1284 2326 1455 2374 aquam

432 2387 644 2449 pedibus.
676 2386 893 2448 praeben’
915 2398 968 2431 tu
998 2387 1178 2447 puero?
