1618 2866
233 171 333 233 55².
459 157 1250 212 MOSTELLARIA.
1383 177 1514 230 «μμ

683 284 1068 318 TRANIO.

227 333 492 406 Quidum?

523 412 1240 450 THEUROPIDES.

424 475 532 545 Qui
554 484 694 540 negat
724 475 906 519 novisse
932 491 1029 520 vos.

680 569 715 603 T
748 570 782 603 R
817 569 852 602 A
887 569 920 602 N
956 570 976 602 1
1013 570 1062 603 Ο.

1002 629 1190 695 Negat?

524 713 1242 748 THEUROPIDES.

1180 774 1280 820 Nec
1309 791 1392 822 vos
1422 777 1509 824 sibi

231 843 502 892 Noenmum
533 855 771 905 umquam
801 844 981 908 argenti
1011 844 1203 891 dedisse.

682 938 715 971 Τ
749 939 784 972 R
821 939 856 971 A
891 940 923 972 N
960 939 981 972 1
1018 941 1065 973 o.

567 997 692 1056 Abi,
719 998 842 1044 ludis
868 1016 973 1057 me,
1005 1001 1175 1048 credo:
1206 1002 1338 1050 haud
1359 1015 1512 1070 negat.

521 1103 1247 1140 THEUROPIDES.

221 1161 510 1236 Quidjam?

677 1242 709 1275 Τ
745 1244 779 1277 R
815 1242 850 1275 A
886 1242 920 1276 N
956 1243 977 1275 1
1016 1243 1066 1276 o.

306 1302 415 1351 Scio
434 1338 447 1362 ‚
468 1304 636 1367 jocaris
661 1319 792 1349 nunc
814 1315 868 1350 tu
886 1323 896 1349 :
927 1320 1039 1349 nam
1059 1304 1139 1349 ille
1158 1303 1358 1366 quidem
1381 1306 1510 1354 haud

1228 1390 1382 1444 negat.

518 1462 1240 1498 THEUROPIDES.

225 1523 384 1572 Immo
403 1524 578 1586 edepol
600 1533 741 1588 negat
764 1522 1007 1586 profecto:
1041 1540 1203 1585 neque
1221 1541 1268 1570 se
1285 1526 1366 1573 has
1384 1527 1510 1575 aedis

477 1597 737 1644 Philolachi

221 1669 519 1726 Nendidisse.

677 1748 709 1781 Τ
745 1749 778 1782 R
813 1748 845 1781 A
882 1750 915 1782 N
952 1748 973 1780 1
1013 1748 1065 1781 ο.
1110 1788 1112 1790 r

289 1807 411 1864 Eho,
427 1823 486 1853 an
503 1809 694 1872 negavit
709 1809 797 1854 sibi
815 1809 983 1854 datum
1002 1818 1269 1872 argentum,
1283 1807 1506 1857 obsecro?

517 1907 1234 1942 THEUROPIDES.

222 1967 362 2039 Quin
378 1968 712 2033 jusjurandum
735 1968 973 2031 pollicitus
1000 1978 1067 2013 est
1088 1967 1222 2026 dare,
1242 1968 1279 2014 si
1298 1971 1471 2017 vellem
1485 2005 1501 2030 ‚

476 2042 623 2100 mihi,

224 2113 399 2175 Neque
430 2132 477 2161 se
507 2116 642 2162 hasce
663 2114 787 2161 aedis
812 2113 1101 2172 vendidisse,
1125 2128 1287 2176 neque
1316 2115 1403 2164 sibi
1433 2133 1505 2163 ar-
1564 2123 1588 2166 ζ

482 2199 683 2252 gentum
706 2187 885 2234 datum.
959 2205 962 2209 ·

221 2256 338 2306 Dixi
366 2275 455 2324 ego
478 2260 595 2308 istuc
622 2259 752 2306 idem
779 2259 861 2304 illi.

678 2353 711 2387 :r
748 2355 783 2389 n
820 2351 852 2386 A
889 2342 922 2386 N
958 2352 980 2384 1
1018 2353 1065 2387 0.

795 2411 932 2482 Quid
955 2412 1051 2468 ait?
