1618 2866
260 211 347 247 102
609 193 1144 246 EPI‘DICUS.
1408 208 1535 257 προ

642 328 673 361 Ε
707 328 736 361 P
773 329 794 361 1
830 328 866 361 D
902 328 923 361 1
959 329 986 362 C
1023 329 1059 361 U
1095 329 1135 363 S.

917 388 991 435 Sic
1011 387 1288 435 faciundum
1318 404 1499 435 censeo.
1533 381 1536 383 ’

259 463 407 533 Quasi
429 473 483 508 tu
514 462 670 524 cupias
696 462 890 508 liberare
909 461 1149 508 fidicinam
1173 461 1317 507 animi
1337 461 1502 526 gratia,

260 537 508 606 Quasique
528 553 652 582 ames
676 538 984 583 vehementer
1006 547 1060 581 tu
1093 536 1235 582 illam.

581 641 609 674 P
646 642 677 675 Ε
707 643 739 675 R
775 642 796 674 1
833 642 861 674 P
897 640 930 672 H
967 641 999 673 A
1035 641 1068 673 N
1101 641 1129 673 Ε
1167 639 1204 673 s.

738 704 900 772 Quam
920 702 980 748 ad
1004 719 1106 748 rem
1133 703 1250 770 istuc
1272 700 1441 748 refert?

660 802 691 835 E
727 802 754 835 P
790 802 811 834 1
848 803 884 834 D
920 802 940 834 1
964 794 1003 835 'C
1041 800 1076 833 U
1114 801 1150 834 S.

1027 856 1037 879 ’Χ
1356 860 1539 925 Rogas?

263 934 329 981 Ut
369 935 497 980 enim
531 934 780 995 praestines
815 945 1006 998 argento
1027 968 1041 992 ,
1075 935 1352 996 priusquam
1382 934 1542 982 veniat

517 1007 637 1051 filius
655 1040 669 1063 ‚

268 1077 430 1140 Atque
452 1089 509 1125 ut
539 1095 642 1124 eam
663 1090 710 1124 te
737 1078 788 1123 in
810 1078 1076 1124 libertatem
1109 1077 1230 1123 dicas
1263 1094 1430 1124 emere.

587 1177 614 1209 P
655 1176 685 1208 E
722 1176 755 1208 R
791 1175 812 1207 1
849 1177 876 1209 P
913 1176 948 1208 Η
983 1175 1017 1208 Α
1053 1176 1087 1208 Ν
1122 1175 1151 1208 Ε
1188 1175 1227 1210 s.

600 1230 603 1233 '
1297 1229 1543 1294 Intellego.

658 1314 688 1347 E
724 1315 752 1347 Ρ
789 1315 809 1347 1
849 1316 884 1347 D
923 1315 943 1347 1
979 1316 1005 1346 c
1042 1315 1077 1347 U
1114 1314 1151 1348 s.
1507 1328 1510 1330 v

270 1375 364 1421 Ubi
395 1376 480 1420 erit
503 1385 651 1430 emta,
681 1385 738 1419 ut
766 1374 927 1434 aliquo
957 1390 1017 1419 ex
1038 1375 1158 1431 urbe
1187 1391 1423 1422 amoveas:
1456 1374 1544 1422 nisi

522 1448 642 1509 quid
661 1458 743 1493 tua

272 1524 412 1571 Secus
441 1523 672 1571 sententia
689 1523 756 1567 'st.

594 1622 622 1654 P
662 1621 692 1652 E
728 1622 762 1654 R
797 1619 819 1653 I
851 1620 879 1652 P
915 1619 949 1653 H
984 1619 1019 1652 A
1053 1620 1087 1653 N
1122 1620 1152 1653 E
1189 1620 1229 1654 S.

591 1683 750 1730 Immo
785 1681 938 1733 docte.

667 1779 698 1811 E
734 1778 762 1811 Ρ
798 1779 819 1811 1
856 1780 891 1811 D
928 1779 949 1811 Ι
985 1780 1011 1811 c
1046 1778 1082 1810 U
1119 1777 1156 1810 s.

819 1831 955 1899 Quid
972 1842 1026 1876 tu
1045 1840 1206 1876 autem
1218 1863 1232 1886 ‚
1253 1826 1546 1891 Apoecides?

623 1927 658 1960 A
693 1928 721 1960 P
762 1927 793 1960 o
832 1928 861 1960 E
898 1928 924 1960 c
959 1927 980 1960 1
1016 1928 1051 1960 D
1086 1926 1115 1958 E
1152 1926 1191 1960 s.
1325 1965 1330 1969 ,

273 1985 410 2058 Quid
434 2002 521 2052 ego
542 1986 673 2049 jam?
701 1987 790 2033 nisi
815 1998 863 2033 te
891 1996 1207 2033 conmentum
1227 1983 1367 2029 nimis
1397 1992 1546 2028 astute

523 2061 762 2125 intellego.

668 2163 698 2195 Ε
735 2164 762 2195 P
799 2164 820 2196 1
854 2164 889 2196 D
930 2163 951 2195 1
986 2163 1012 2194 c
1049 2160 1083 2192 U
1122 2159 1160 2193 s.

268 2221 375 2280 Jam
402 2233 520 2269 tunc
548 2222 689 2287 igitut
713 2235 871 2269 amota
901 2223 943 2268 ei
974 2222 1059 2267 erit
1085 2220 1238 2266 omnis
1265 2217 1548 2266 consultatio

272 2294 557 2357 Nuptiarum
573 2330 591 2353 ,
604 2312 667 2342 ne
690 2307 931 2360 gravetur,
961 2294 1097 2355 quod
1116 2294 1242 2340 velis.

623 2390 658 2424 A
692 2390 720 2423 P
759 2391 791 2423 0
828 2391 858 2425 E
897 2392 924 2424 C
959 2391 980 2424 I
1018 2392 1051 2423 D
1087 2390 1116 2423 E
1155 2390 1192 2423 S.

994 2450 1116 2497 Vive
1145 2450 1283 2513 sapis:
1309 2460 1357 2496 et
1378 2449 1546 2511 placet.
