1618 2866
272 165 372 214 514
501 146 1297 211 MOSTELLANRIA.
1429 109 1618 222 v.84'

695 271 732 304 D
768 270 802 304 A
839 272 873 304 N
910 271 932 303 I
967 270 990 304 S
1028 271 1060 304 T
1094 270 1146 306 A·

787 330 928 400 Quin
963 330 1110 378 feram
1129 367 1143 390 ‚
1176 332 1214 378 si
1249 334 1371 396 quid
1404 335 1555 383 datur.

565 432 1282 470 THEUROPIDES.

234 540 237 543 .
274 496 414 570 Quid
437 496 498 542 ais
522 494 614 541 tu?

727 572 758 604 T
794 574 827 606 R
863 571 894 604 A
930 573 962 605 N
999 572 1021 605 I
1057 573 1107 607 O·

529 631 668 702 Quid
692 632 791 678 vis?
1178 696 1182 699 γ

564 726 1288 762 THEUROPIDES.

742 788 864 857 Quis
888 790 982 835 illic
1007 790 1110 835 est?
1142 791 1263 851 quid
1282 792 1377 839 illic
1401 793 1556 855 petit?

274 863 419 935 Quid
440 861 816 910 Philolachetem
844 872 1043 925 gnatum
1071 864 1310 924 conpellat
1335 881 1503 913 meum

273 940 348 986 Sic
365 972 379 995 ‚
413 948 461 982 et
489 933 721 996 praesenti
751 932 843 979 tibi
877 933 989 981 facit
1022 935 1329 982 convicium?

271 1011 412 1083 Quid
437 1010 507 1056 illi
539 1008 774 1055 debetur?
1236 1007 1239 1010 '

729 1102 760 1134 T
798 1103 832 1136 R
868 1102 903 1134 A
937 1102 971 1135 N
1008 1103 1028 1135 1
1065 1102 1113 1136 ο.

787 1162 999 1210 Obsecro
1036 1163 1194 1209 hercle
1211 1197 1226 1222 ‚
1247 1163 1370 1228 jube

273 1239 418 1286 Obici
440 1247 688 1301 argentum
722 1236 836 1282 huic
864 1237 929 1282 ob
963 1253 1013 1282 os
1042 1236 1240 1298 inpurae
1271 1237 1456 1284 beluae.

565 1334 1288 1371 THEUROPIDES.

263 1386 503 1450 Jubeam?
1127 1417 1130 1419 -

724 1472 756 1503 T
791 1471 825 1504 R
860 1471 895 1504 A
930 1473 964 1506 N
999 1474 1021 1506 1
1058 1475 1106 1508 o.

524 1533 653 1592 Jube
683 1531 871 1577 homini
902 1544 1097 1597 argento
1129 1551 1180 1580 os
1204 1535 1499 1582 verberarier.

690 1641 726 1673 D
763 1640 797 1673 A
832 1641 865 1673 N
900 1640 921 1672 1
959 1640 981 1674 s
1015 1641 1046 1674 ‘r
1082 1621 1132 1676 AL
1226 1684 1230 1687 Δ

268 1701 489 1749 Perfacile
519 1717 605 1763 ego
631 1701 749 1746 ictus
779 1701 1022 1762 perpetior
1049 1712 1307 1767 argenteos.

562 1801 1275 1846 THEUROPIDVVES.

266 1862 421 1932 Quod
451 1859 571 1906 illud
603 1870 851 1924 argentum
882 1860 983 1905 est?

721 1958 752 1989 T
788 1959 822 1991 R
858 1957 893 1990 A
929 1958 963 1991 N
999 1957 1020 1989 1
1059 1957 1106 1991 ο.

922 2016 1051 2062 Huic
1085 2015 1230 2062 debet
1258 2015 1551 2069 Philolaches

265 2088 501 2136 Paullum.

552 2174 1267 2210 THEUROPIDES.

521 2235 860 2307 Quantillum?

718 2334 751 2368 T
785 2333 819 2367 R
852 2331 887 2365 A
921 2331 955 2364 Ν
990 2331 1012 2364 Ι
1048 2331 1095 2365 Ο.

820 2430 836 2448 ,
861 2392 1009 2461 Quasi
1043 2391 1351 2457 quadraginta
1377 2390 1538 2439 minaS.
