1618 2866
231 211 323 258 11ss
592 187 1123 253 EPIDIC-U‘s
1421 173 1527 272 ις’

226 317 323 363 Ubi
348 327 449 362 tuas
477 313 673 363 virtutes
708 313 939 374 explices,
969 325 1026 360 ut
1047 316 1268 378 postulas.

222 391 351 438 Nam
379 389 629 436 strenuiori
659 389 865 434 deterior
897 388 934 433 si
963 389 1201 450 praedicat

226 463 342 511 Suas
370 479 578 526 pugna8‚
612 461 672 508 de
694 462 818 508 illius
849 479 929 509 ore
958 462 1084 508 fiunt
1113 462 1339 510 sordidae.

227 538 325 584 Sed
347 538 491 582 istum
513 552 662 597 quem
696 535 878 597 quaeris
896 535 1212 597 Periphanem
1228 535 1517 595 Platenium,

226 612 330 675 Ego
351 627 484 668 sum,
510 610 547 655 si
576 609 698 671 quid
719 609 803 656 vis.

717 709 760 741 M
795 709 816 741 1
853 709 883 741 L
918 709 947 741 Ε
986 709 1025 742 s.

724 769 914 830 Nempe
934 786 1084 830 quem
1102 770 1154 816 in
1170 768 1487 816 adulescentia

226 848 500 895 Memorant
527 843 658 906 apud
682 860 838 907 reges,
868 843 1035 902 armis,
1063 855 1160 891 arte
1188 839 1391 890 duellica

229 919 429 967 Divitias
457 933 646 981 magnas
674 916 962 977 indeptum?

554 1016 582 1049 P
618 1017 648 1049 E
684 1018 718 1050 R
753 1016 774 1048 1
810 1016 838 1048 P
875 1015 910 1048 H
943 1015 979 1048 A
1015 1017 1049 1049 N
1085 1005 1116 1049 E
1153 1015 1194 1050 s.

996 1076 1155 1122 Immo
1178 1076 1215 1121 si
1233 1075 1391 1122 audias

233 1154 361 1200 Meas
389 1169 600 1218 pugnas,
632 1151 779 1216 fugias
808 1151 1027 1197 manibus
1061 1150 1267 1197 demissis
1297 1150 1516 1200 domum.

724 1249 767 1281 M
803 1250 824 1282 1
860 1250 891 1282 L
926 1250 956 1282 E
993 1249 1032 1282 s.

232 1310 324 1356 Pol
355 1325 443 1373 ego
471 1307 617 1371 magis
648 1323 806 1355 unum
842 1326 1020 1370 quaero
1037 1343 1052 1368 ‚
1084 1326 1210 1356 meas
1238 1309 1358 1371 quoi
1386 1325 1522 1372 prae-

498 1381 677 1438 dicem,

236 1456 402 1525 Quam
430 1453 597 1510 illum,
630 1454 715 1514 qui
740 1466 976 1501 memoret
1005 1472 1106 1501 suas
1134 1454 1267 1501 mihi.

558 1556 587 1588 P
621 1554 652 1586 E
687 1554 721 1587 R
756 1553 778 1586 Ι
817 1555 844 1588 P
880 1555 915 1587 Η
949 1554 983 1586 A
1019 1554 1052 1587 N
1088 1555 1118 1587 E
1156 1555 1195 1588 s.

906 1611 909 1613 Δ
1040 1614 1149 1661 'Hic
1166 1611 1268 1661 non
1287 1626 1354 1661 est
1373 1608 1519 1663 locus'.

236 1690 375 1759 Quin
395 1698 450 1733 tu
474 1688 621 1732 alium
650 1702 867 1746 quaeras,
897 1687 1016 1748 quoi
1041 1699 1268 1735 centones
1299 1688 1470 1736 sarcias.

235 1763 401 1821 Atque
431 1761 547 1805 haec
572 1759 768 1804 stultitia
786 1760 839 1804 'st
868 1775 947 1805 me
973 1759 1041 1804 illi
1062 1760 1181 1811 vitio
1214 1751 1453 1820 verteres

231 1835 442 1897 Egomet
474 1832 612 1892 quod
644 1832 849 1878 factitavi
876 1833 927 1878 in
956 1833 1296 1881 adulescentia:
1341 1861 1348 1866 -

236 1911 407 1978 Quom
436 1907 704 1952 militabam
722 1942 735 1964 ‚
762 1910 934 1972 pugnis
958 1910 1275 1956 memorandis
1298 1910 1415 1957 meis

232 1980 540 2050 Eradicabmn
561 1979 819 2026 hominum
840 1981 983 2040 auris,
1013 1981 1208 2043 quando
1227 1998 1517 2045 occeperam.

721 2083 764 2116 M
801 2084 822 2116 1
860 2083 890 2115 L
926 2083 955 2115 E
994 2083 1032 2116 s.

231 2128 468 2191 'Animum
499 2142 726 2200 advorte,
763 2155 844 2203 ut,
881 2143 1019 2205 quod
1048 2159 1135 2208 ego
1168 2144 1229 2191 ad
1262 2156 1310 2192 te
1339 2149 1482 2196 venio
1496 2136 1521 2210 ,-

489 2216 741 2279 intellegas,

231 2285 391 2335 Meam
408 2288 607 2335 amicam
625 2286 786 2333 audivi
803 2297 849 2331 te
867 2303 960 2332 esse
977 2300 1254 2338 mercatum.
1301 2331 1304 2333 .

544 2381 1186 2420 PERIPHANES.

1298 2445 1459 2494 Atate!
