1618 2866
219 165 311 212 292
535 150 1134 204 MERCATOR
1268 140 1505 223 'v.19

217 262 364 325 Apud
397 271 444 308 te
476 262 554 308 hic
592 277 747 323 usque
773 262 835 308 ad
863 266 1149 326 vesperum?

519 356 550 392 L
585 356 620 389 Y
656 356 679 389 s
718 356 740 388 1
770 357 821 403 M
853 357 888 390 A
930 358 957 390 c
996 358 1030 391 H
1066 359 1103 392 U
1139 358 1179 393 s.

1019 421 1152 467 Hem
1174 421 1294 470 istuc
1320 440 1501 474 censeo.

213 492 357 540 Nunc
394 503 450 538 tu
475 491 706 553 sapienter
727 492 928 554 loquere
957 506 1104 556 atque
1145 497 1385 544 amatorie.

617 584 653 615 D
690 584 720 615 E
757 584 799 616 Μ
834 585 856 617 1
892 585 920 617 P
958 586 991 618 Η
1030 586 1081 620 ο.
1385 635 1389 639 ἡ

211 644 353 715 Quid
378 644 583 691 stamus?
614 644 735 704 quin
754 661 863 709 ergo
883 646 1033 705 imus,
1063 658 1211 709 atque
1239 647 1499 696 obsonium

212 720 469 777 Curamus,
495 717 694 780 pulchre
715 729 770 763 ut
792 719 967 765 simus?
1324 736 1344 738 c

508 814 539 846 L
582 813 614 846 Y
650 813 672 848 S
710 814 732 846 Ι
768 813 813 846 M
846 814 884 847 A
920 815 948 847 C
988 814 1023 848 H
1058 815 1096 848 U
1133 816 1174 850 S.

958 876 1200 938 Equidem
1226 888 1275 924 te
1312 894 1499 939 sequor.

209 946 374 1007 Atque
401 946 558 991 hercle
588 945 798 992 invenies
820 957 877 992 tu
905 948 1071 994 locum
1102 948 1203 1006 illi,
1236 950 1273 995 si
1298 951 1429 1012 sapis.

209 1020 418 1066 Nullum
451 1020 632 1076 hercle,
663 1030 845 1081 praeter
869 1020 1029 1078 hunc,
1064 1021 1227 1080 diem,
1258 1022 1337 1071 illa
1367 1022 1499 1085 apud

465 1107 545 1137 me
579 1103 695 1138 erit:

208 1166 380 1212 Metuo
415 1181 503 1229 ego
535 1181 767 1223 uxorem,
803 1181 897 1212 cras
928 1167 964 1212 si
989 1182 1097 1213 rure
1132 1165 1353 1225 redierit,
1427 1166 1429 1169 ⁴

208 1237 284 1284 Ne
307 1238 439 1283 illam
469 1236 548 1282 hic
579 1237 802 1284 offendat.
1103 1296 1112 1298 Α

614 1324 651 1356 D
687 1325 717 1356 E
756 1325 800 1356 Μ
835 1325 857 1356 1
892 1325 920 1357 P
958 1325 994 1357 Η
1030 1326 1078 1360 ο.

772 1385 862 1430 Res
890 1396 1048 1445 parata
1066 1387 1146 1444 'st‚
1177 1403 1374 1448 sequere
1400 1403 1494 1436 me.

579 1509 951 1557 SCENA
1026 1512 1138 1558 IV.

242 1636 823 1676 GHARINUS..
892 1638 1449 1676 EUTYGHUS.

600 1768 1113 1803 CHARINUS.

205 1821 281 1932 S
298 1897 470 1930 UMNE
507 1901 595 1949 ego
621 1886 770 1931 homo
792 1885 958 1944 miser,
981 1885 1069 1947 qui
1096 1902 1334 1948 nusquam
1364 1887 1490 1935 bene

459 1977 588 2022 queo
619 1959 888 2020 quiescere?

206 2033 257 2080 Si
291 2032 425 2080 domi
461 2049 566 2078 sum
587 2067 601 2089 ‚
632 2031 741 2078 foris
776 2044 844 2078 est
876 2032 1084 2079 animus:
1115 2033 1186 2078 sin
1218 2033 1333 2089 foris-⁴
1353 2051 1490 2093 sum,

457 2106 640 2152 animus
673 2106 806 2152 domi
826 2107 892 2152 ’st.

202 2181 275 2227 Ita
311 2180 431 2226 mihi
466 2180 516 2224 in
551 2190 744 2240 pectore
772 2190 918 2240 atque
951 2179 1002 2225 in
1036 2179 1179 2227 corde
1209 2180 1321 2228 facit
1353 2196 1488 2227 amor

455 2252 762 2299 incendium:
1369 2293 1374 2297 .

201 2327 266 2374 Ni
297 2328 461 2375 oculos
491 2327 724 2372 lacrumae
751 2326 1033 2386 defendant,
1055 2326 1158 2392 jam
1175 2326 1361 2385 ardeat,
1390 2342 1485 2373 cre-

455 2398 521 2447 do
538 2433 554 2460 ,
584 2411 742 2462 caput.
