1618 2866
112 163 234 216 „⁴52
417 154 706 202 ACTUS
755 154 814 203 v.
864 129 966 203 se
1020 155 1120 204 1v.
1295 174 1392 221 333-

408 272 1064 307 LYSIMACHUS.

206 343 352 392 Suam
374 344 576 405 quisque
603 344 754 389 homo
773 359 875 389 rem
900 343 1136 390 meminit.
1158 343 1394 406 responde

847 473 851 475 .
1170 416 1320 462 mihi:

111 488 305 536 Cetton’
325 488 406 534 scis
427 504 530 535 non
548 503 819 534 succensere
836 488 955 533 mihi
968 499 1103 535 tuam
1124 489 1360 534 matrem?

96 571 102 576 '
503 580 534 613 E
570 580 605 612 u
639 579 672 611 ‘r
711 579 743 611 Υ
779 579 806 611 c
842 579 877 612 H
913 580 949 613 u
983 580 1022 615 s.

1267 631 1389 679 Scio.

414 709 447 743 Ῑ.
480 709 516 742 Y
550 708 574 742 S
614 708 636 741 1
672 710 714 742 M
752 708 789 742 A
823 709 850 741 C
885 708 922 742 11
958 708 994 741 U
1029 708 1068 742 S.

111 761 261 813 Vide!

491 838 522 870 E
559 838 595 871 U
630 838 662 871 ‘r
698 838 732 871 Y
767 838 795 870 c
831 837 867 870 Η
902 837 937 870 U
973 837 1012 872 S.

202 889 285 936 Me
311 889 434 936 vide.

418 985 447 1017 L
483 984 518 1017 Y
554 984 576 1017 s
616 984 639 1017 1
673 984 716 1016 M
752 984 786 1018 A
823 985 850 1017 c
885 984 919 1016 Η
957 984 993 1017 U
1030 984 1070 1018 s.

302 1051 418 1098 Satis
435 1053 604 1098 habeo.
633 1062 683 1097 at
705 1068 879 1112 quaeso
895 1053 1052 1098 hercle
1064 1086 1079 1110 ,
1100 1052 1242 1099 etiam
1256 1052 1389 1099 vide!

494 1145 524 1177 E
560 1144 596 1176 U
635 1144 666 1176 Τ
702 1144 738 1177 Υ
772 1144 799 1177 c
837 1144 871 1177 Η
906 1145 941 1178 U
977 1145 1016 1180 s.

109 1204 367 1251 Nonmihi
396 1205 581 1251 exedis?

430 1296 461 1328 1.
496 1295 529 1328 Υ
569 1293 592 1327 s
626 1295 648 1327 1
684 1294 729 1327 M
762 1294 796 1327 A
831 1295 858 1327 c
894 1295 929 1328 Η
964 1294 1001 1327 U
1036 1295 1074 1329 s.

395 1364 554 1410 Immo
578 1364 719 1411 credo
732 1399 747 1421 ‚
769 1364 851 1410 sed
870 1376 1031 1415 tamen
1046 1374 1215 1411 metuo
1233 1365 1386 1414 miser.

518 1458 554 1490 D
591 1457 622 1490 E
659 1457 702 1489 Μ
735 1458 757 1490 1
795 1460 824 1492 P
861 1460 895 1492 H
930 1460 978 1492 o.

106 1509 280 1555 Eamus
302 1509 442 1555 intro.

480 1595 511 1628 Ε
548 1595 584 1627 U
620 1597 651 1628 Τ
687 1596 720 1628 Υ
759 1598 786 1629 c
822 1597 857 1628 Η
893 1597 929 1629 U
967 1597 1006 1631 s.

394 1656 553 1701 Immo
578 1655 787 1702 dicamus
812 1657 1000 1703 senibus
1027 1659 1151 1722 leges
1181 1672 1382 1718 censeog

107 1726 386 1788 Priusquam
422 1729 641 1774 abeamus
659 1763 673 1785 ,
707 1745 823 1789 quas
853 1730 976 1793 leges
1006 1742 1200 1778 teneant
1214 1767 1229 1791 ‚
1266 1750 1383 1781 con-

355 1801 575 1860 tentique
602 1801 707 1845 sint.

107 1867 268 1916 Annos
299 1884 435 1918 natus
473 1873 711 1937 sexaginta
756 1874 841 1934 qui
882 1875 969 1920 erit
987 1909 1001 1932 ,
1036 1876 1073 1921 si
1116 1893 1264 1936 quem
1296 1878 1383 1924 sci-

356 1945 512 1991 bimus
533 1981 547 2003 ‚

108 2009 203 2057 Seu
231 2017 452 2063 maritum
471 2053 485 2075 ,
516 2035 597 2064 seu
624 2019 780 2064 hercle
812 2019 931 2066 adeo
959 2022 1224 2080 coelibem,
1257 2039 1381 2069 scord

356 2091 491 2135 tarier
506 2125 520 2147 ,

104 2155 235 2202 Cum
264 2173 320 2202 eo
347 2175 433 2205 nos
460 2161 535 2206 hic
564 2163 667 2225 lege
692 2177 904 2224 agemus:
932 2164 1155 2210 inscitum
1183 2164 1378 2219 arbitra-2

362 2230 531 2276 bimur.

106 2298 170 2346 Et
201 2316 287 2361 per
330 2316 416 2346 nos
452 2303 650 2362 quidem
686 2308 841 2355 hercle
882 2309 1038 2372 egebit
1054 2343 1070 2368 ‚
1111 2310 1198 2370 qui
1231 2324 1376 2359 suum,

356 2372 634 2436 prodegerit.
