1618 2866
214 178 307 225 194
470 159 1214 212 MENAECHMEI.
1379 172 1510 233 v.69

208 269 325 323 Vidi
345 269 522 317 astare?
559 283 714 329 quom
736 265 938 331 negabas
966 267 1087 315 mihi
1110 285 1204 318 esse
1227 287 1397 320 sanum
1415 274 1508 321 sin-

464 344 598 404 ciput
619 361 628 388 :

209 421 272 469 Et
295 417 498 484 negabas
515 433 596 462 me
616 416 827 481 novisse:
851 416 1159 481 peregrinum
1175 416 1299 465 aibas
1328 435 1421 469 esse
1441 433 1506 472 te.

516 515 559 548 M
596 513 626 546 E
662 513 696 546 N
732 512 768 545 A
803 513 833 546 Ε
869 514 897 547 c
935 515 969 548 Η
1008 514 1051 547 Μ
1086 515 1122 549 U
1160 514 1199 549 s.

206 578 346 649 Quin
365 587 421 624 ut
448 575 640 622 dudum
675 573 853 620 divorti
883 575 964 621 abs
988 585 1065 634 te,
1087 574 1233 624 redeo
1264 593 1396 627 nunc
1421 579 1505 628 de-

459 666 599 696 mum
630 647 848 695 domum.
1206 709 1211 712 ‚

565 738 593 771 P
630 737 660 770 E
698 738 730 771 N
770 737 790 770 1
827 737 855 769 c
893 736 929 770 U
964 737 995 770 1.
1034 736 1070 769 U
1107 736 1148 774 S.

204 799 335 848 Novi
363 815 451 866 ego
478 809 540 844 te.
568 813 671 843 non
697 796 819 843 mihi
847 797 1065 844 censebas
1093 813 1214 856 esse,
1243 798 1330 860 qui
1353 809 1402 846 te
1427 794 1505 846 ulss

462 889 667 920 c1scerer.

203 949 384 998 Omnia
410 949 567 996 hercle
591 947 731 994 uxori
758 946 873 992 dixi.
922 1009 925 1010 ⁷

510 1037 555 1070 M
589 1035 620 1069 E
655 1036 690 1069 N
724 1034 761 1068 A
797 1034 829 1068 E
869 1034 898 1068 C
933 1032 968 1065 H
1004 1032 1047 1067 M
1082 1034 1119 1069 U
1155 1034 1195 1070 S·

876 1093 1015 1165 Quid
1038 1095 1231 1143 dixisti?

553 1185 584 1219 P
619 1182 650 1216 E
686 1183 721 1218 N
757 1183 782 1216 Ι
815 1179 844 1214 C
884 1181 919 1214 U
955 1181 987 1215 L
1024 1182 1061 1217 U
1099 1182 1136 1218 S.

1237 1234 1433 1284 Nescio:

201 1304 322 1353 Eam
357 1305 483 1366 ipsus
513 1318 640 1366 roga.

507 1389 553 1422 M
587 1388 617 1421 Ε
655 1387 690 1420 Ν
726 1384 762 1418 A
796 1385 826 1418 Ε
865 1386 892 1419 c
929 1385 964 1418 H
999 1386 1043 1419 Μ
1080 1386 1117 1419 U
1153 1386 1193 1421 s.

528 1446 667 1520 Quid
696 1446 790 1492 hoc
823 1456 917 1504 est,
952 1446 1112 1491 uxor?
1151 1445 1386 1507 quidnam
1418 1446 1500 1496 hic

1083 1519 1291 1564 narravit
1313 1519 1401 1564 tibi
1415 1519 1438 1564 P

203 1599 343 1672 Quid
365 1598 417 1646 id
436 1597 535 1646 est?
560 1594 683 1660 quid
705 1591 858 1640 taces?
887 1591 1009 1654 quin
1027 1591 1166 1650 dicis,
1192 1591 1314 1653 quid
1337 1591 1429 1638 sit?

642 1689 686 1722 M
725 1686 761 1720 U
796 1685 828 1719 L
864 1685 886 1718 I
921 1685 951 1718 Ε
989 1686 1038 1719 R.

411 1809 414 1813 ¹
931 1736 942 1746 ’
1049 1745 1198 1815 Quasi
1219 1755 1275 1792 tu
1304 1746 1493 1795 nescias.

200 1817 328 1864 Palla
353 1817 422 1864 mi
440 1817 494 1863 ’st
522 1814 672 1861 domo
702 1811 939 1872 subrepta.

507 1908 553 1943 M
585 1907 616 1941 E
653 1907 687 1941 N
722 1905 759 1939 A
792 1906 823 1940 E
862 1906 890 1938 C
930 1904 965 1938 H
1003 1903 1047 1937 M
1082 1903 1119 1937 U
1156 1903 1196 1938 S.

858 1964 985 2011 Palla
1011 1964 1234 2027 subrepta
1251 1963 1306 2012 ’st
1327 1963 1457 2018 tibi?

653 2051 698 2086 M
733 2049 771 2084 U
804 2049 836 2083 L
870 2050 894 2084 1
927 2050 960 2084 E
996 2050 1046 2084 R.
1082 2064 1084 2067 ’

197 2107 281 2156 Me
313 2104 481 2173 rogas?

493 2190 538 2224 M
572 2190 602 2223 E
638 2190 674 2224 N
708 2189 745 2224 A
778 2189 809 2223 E
846 2189 874 2222 C
908 2188 944 2223 H
980 2188 1023 2222 M
1063 2185 1097 2220 U
1134 2186 1175 2222 S.

357 2252 447 2300 Pol
474 2251 796 2316 haudrogem
821 2262 896 2309 te,
914 2245 955 2296 'si
984 2249 1140 2297 sciam.

549 2345 580 2380 P
614 2346 645 2381 E
681 2347 715 2381 N
749 2347 771 2381 1
806 2347 843 2385 C,
871 2346 907 2381 U
942 2346 972 2379 L
1009 2347 1045 2380 U
1082 2345 1120 2380 S.

919 2405 969 2454 O
994 2406 1244 2455 hominem
1266 2403 1481 2455 malum!
