<?xml version="1.0" encoding="UTF-8"?>
<!DOCTYPE html PUBLIC "-//W3C//DTD XHTML 1.0 Transitional//EN"
    "http://www.w3.org/TR/xhtml1/DTD/xhtml1-transitional.dtd">
<html xmlns="http://www.w3.org/1999/xhtml" xml:lang="en" lang="en">
 <head>
  <title>
</title>
<meta http-equiv="Content-Type" content="text/html;charset=utf-8" />
  <meta name='ocr-system' content='tesseract 3.04.00' />
  <meta name='ocr-capabilities' content='ocr_page ocr_carea ocr_par ocr_line ocrx_word'/>
</head>
<body>
  <div class='ocr_page' id='page_1' title='image "./comoediaesuperst02plauuoft_0380.png"; bbox 0 0 1618 2866; ppageno 0'>
   <div class='ocr_carea' id='block_1_1' title="bbox 251 188 1526 257">
    <p class='ocr_par' dir='ltr' id='par_1_1' title="bbox 251 188 1526 257">
     <span class='ocr_line' id='line_1_1' title="bbox 251 188 1526 257; baseline 0.001 -15"><span class='ocrx_word' id='word_1_1' title='bbox 251 208 351 257; x_wconf 56' lang='lat'><strong>372,</strong></span> <span class='ocrx_word' id='word_1_2' title='bbox 499 188 747 239; x_wconf 86' lang='lat' dir='ltr'>MILES</span> <span class='ocrx_word' id='word_1_3' title='bbox 793 189 1286 240; x_wconf 80' lang='lat' dir='ltr'><strong>GLoRmsth.</strong></span> <span class='ocrx_word' id='word_1_4' title='bbox 1438 209 1526 243; x_wconf 77' lang='lat' dir='ltr'><strong>v.2</strong></span> 
     </span>
    </p>
   </div>
   <div class='ocr_carea' id='block_1_2' title="bbox 251 295 1530 416">
    <p class='ocr_par' dir='ltr' id='par_1_2' title="bbox 251 295 1530 416">
     <span class='ocr_line' id='line_1_2' title="bbox 251 295 1530 361; baseline -0.003 -13"><span class='ocrx_word' id='word_1_5' title='bbox 251 301 513 360; x_wconf 86' lang='lat' dir='ltr'><strong>Gratesque</strong></span> <span class='ocrx_word' id='word_1_6' title='bbox 555 314 688 361; x_wconf 87' lang='lat' dir='ltr'><strong>agam</strong></span> <span class='ocrx_word' id='word_1_7' title='bbox 705 331 720 354; x_wconf 86' lang='lat'>,</span> <span class='ocrx_word' id='word_1_8' title='bbox 770 297 912 358; x_wconf 90' lang='lat' dir='ltr'><strong>eique</strong></span> <span class='ocrx_word' id='word_1_9' title='bbox 942 307 998 343; x_wconf 90' lang='lat' dir='ltr'><strong>ut</strong></span> <span class='ocrx_word' id='word_1_10' title='bbox 1033 295 1234 344; x_wconf 87' lang='lat' dir='ltr'><strong>Arabico</strong></span> <span class='ocrx_word' id='word_1_11' title='bbox 1266 297 1530 345; x_wconf 87' lang='lat' dir='ltr'>fumificem</span> 
     </span>
     <span class='ocr_line' id='line_1_3' title="bbox 510 370 919 416; baseline -0.005 -1"><span class='ocrx_word' id='word_1_12' title='bbox 510 370 659 416; x_wconf 87' lang='lat' dir='ltr'><strong>odore</strong></span> <span class='ocrx_word' id='word_1_13' title='bbox 689 385 919 415; x_wconf 84' lang='lat' dir='ltr'>amoene:</span> 
     </span>
    </p>
   </div>
   <div class='ocr_carea' id='block_1_3' title="bbox 248 442 1609 1104">
    <p class='ocr_par' dir='ltr' id='par_1_3' title="bbox 248 442 1609 1104">
     <span class='ocr_line' id='line_1_4' title="bbox 251 442 1609 514; baseline 0 -23"><span class='ocrx_word' id='word_1_14' title='bbox 251 446 394 514; x_wconf 70' lang='lat' dir='ltr'><strong>Quae</strong></span> <span class='ocrx_word' id='word_1_15' title='bbox 425 460 504 493; x_wconf 89' lang='lat' dir='ltr'><strong>me</strong></span> <span class='ocrx_word' id='word_1_16' title='bbox 534 443 584 488; x_wconf 91' lang='lat' dir='ltr'><strong>in</strong></span> <span class='ocrx_word' id='word_1_17' title='bbox 617 443 730 489; x_wconf 90' lang='lat' dir='ltr'><strong>locis</strong></span> <span class='ocrx_word' id='word_1_18' title='bbox 765 442 1017 504; x_wconf 87' lang='lat' dir='ltr'><strong>Neptuniis</strong></span> <span class='ocrx_word' id='word_1_19' title='bbox 1044 442 1331 504; x_wconf 85' lang='lat' dir='ltr'><strong>templisque</strong></span> <span class='ocrx_word' id='word_1_20' title='bbox 1360 444 1531 490; x_wconf 81' lang='lat' dir='ltr'><strong>turbu·</strong></span> <span class='ocrx_word' id='word_1_21' title='bbox 1605 498 1609 503; x_wconf 26' lang='lat'>¹</span> 
     </span>
     <span class='ocr_line' id='line_1_5' title="bbox 470 516 640 578; baseline -0.012 -16"><span class='ocrx_word' id='word_1_22' title='bbox 470 573 476 578; x_wconf 28' lang='grc' dir='ltr'>ι</span> <span class='ocrx_word' id='word_1_23' title='bbox 502 516 640 562; x_wconf 89' lang='lat' dir='ltr'><strong>lentis</strong></span> 
     </span>
     <span class='ocr_line' id='line_1_6' title="bbox 248 587 1539 649; baseline -0.002 -10"><span class='ocrx_word' id='word_1_24' title='bbox 248 591 487 648; x_wconf 81' lang='lat' dir='ltr'><strong>Servavit,</strong></span> <span class='ocrx_word' id='word_1_25' title='bbox 508 589 650 635; x_wconf 89' lang='lat' dir='ltr'><strong>saevis</strong></span> <span class='ocrx_word' id='word_1_26' title='bbox 675 587 898 634; x_wconf 87' lang='lat' dir='ltr'><strong>fluctibus</strong></span> <span class='ocrx_word' id='word_1_27' title='bbox 924 588 1011 635; x_wconf 89' lang='lat' dir='ltr'><strong>ubi</strong></span> <span class='ocrx_word' id='word_1_28' title='bbox 1032 604 1138 634; x_wconf 91' lang='lat' dir='ltr'><strong>sum</strong></span> <span class='ocrx_word' id='word_1_29' title='bbox 1164 587 1379 636; x_wconf 85' lang='lat' dir='ltr'><strong>afflictata</strong></span> <span class='ocrx_word' id='word_1_30' title='bbox 1404 591 1539 649; x_wconf 38' lang='lat' dir='ltr'><strong>mult</strong></span> 
     </span>
     <span class='ocr_line' id='line_1_7' title="bbox 506 673 1186 715; baseline 0.01 -7"><span class='ocrx_word' id='word_1_31' title='bbox 506 673 628 709; x_wconf 88' lang='lat' dir='ltr'><strong>tum.</strong></span> <span class='ocrx_word' id='word_1_32' title='bbox 1182 712 1186 715; x_wconf 88' lang='lat'>.</span> 
     </span>
     <span class='ocr_line' id='line_1_8' title="bbox 605 755 1183 791; baseline 0 -1"><span class='ocrx_word' id='word_1_33' title='bbox 605 756 627 790; x_wconf 93' lang='lat' dir='ltr'><strong>S</strong></span> <span class='ocrx_word' id='word_1_34' title='bbox 664 757 690 789; x_wconf 96' lang='lat' dir='ltr'>C</span> <span class='ocrx_word' id='word_1_35' title='bbox 726 755 757 788; x_wconf 83' lang='lat' dir='ltr'>E</span> <span class='ocrx_word' id='word_1_36' title='bbox 792 755 823 788; x_wconf 87' lang='lat' dir='ltr'>L</span> <span class='ocrx_word' id='word_1_37' title='bbox 859 755 890 788; x_wconf 80' lang='lat' dir='ltr'><strong>E</strong></span> <span class='ocrx_word' id='word_1_38' title='bbox 927 756 963 788; x_wconf 93' lang='lat' dir='ltr'>D</span> <span class='ocrx_word' id='word_1_39' title='bbox 999 757 1032 790; x_wconf 89' lang='lat' dir='ltr'>R</span> <span class='ocrx_word' id='word_1_40' title='bbox 1070 755 1105 789; x_wconf 88' lang='lat' dir='ltr'><strong>U</strong></span> <span class='ocrx_word' id='word_1_41' title='bbox 1141 757 1183 791; x_wconf 87' lang='lat' dir='ltr'><strong>S.</strong></span> 
     </span>
     <span class='ocr_line' id='line_1_9' title="bbox 250 817 887 876; baseline -0.006 -9"><span class='ocrx_word' id='word_1_42' title='bbox 250 819 497 870; x_wconf 80' lang='lat' dir='ltr'><strong>Palaestrio</strong></span> <span class='ocrx_word' id='word_1_43' title='bbox 515 852 529 876; x_wconf 84' lang='lat'><strong>,</strong></span> <span class='ocrx_word' id='word_1_44' title='bbox 564 833 594 863; x_wconf 92' lang='lat' dir='ltr'>o</span> <span class='ocrx_word' id='word_1_45' title='bbox 624 817 887 865; x_wconf 85' lang='lat' dir='ltr'><strong>Palaestrio.</strong></span> 
     </span>
     <span class='ocr_line' id='line_1_10' title="bbox 574 908 1220 944; baseline 0.003 -2"><span class='ocrx_word' id='word_1_46' title='bbox 574 909 603 942; x_wconf 85' lang='lat' dir='ltr'>P</span> <span class='ocrx_word' id='word_1_47' title='bbox 639 909 675 942; x_wconf 87' lang='lat' dir='ltr'>A</span> <span class='ocrx_word' id='word_1_48' title='bbox 710 909 740 942; x_wconf 88' lang='lat' dir='ltr'>L</span> <span class='ocrx_word' id='word_1_49' title='bbox 776 909 810 941; x_wconf 90' lang='lat' dir='ltr'>A</span> <span class='ocrx_word' id='word_1_50' title='bbox 847 909 878 942; x_wconf 81' lang='grc' dir='ltr'><strong><em>Ε</em></strong></span> <span class='ocrx_word' id='word_1_51' title='bbox 915 908 938 942; x_wconf 92' lang='lat' dir='ltr'><strong>s</strong></span> <span class='ocrx_word' id='word_1_52' title='bbox 975 909 1006 942; x_wconf 84' lang='grc' dir='ltr'><strong>Τ</strong></span> <span class='ocrx_word' id='word_1_53' title='bbox 1043 910 1077 944; x_wconf 78' lang='lat' dir='ltr'>R</span> <span class='ocrx_word' id='word_1_54' title='bbox 1111 910 1134 944; x_wconf 92' lang='lat'>1</span> <span class='ocrx_word' id='word_1_55' title='bbox 1170 910 1220 944; x_wconf 88' lang='lat' dir='ltr'><strong>o.</strong></span> 
     </span>
     <span class='ocr_line' id='line_1_11' title="bbox 656 973 1531 1039; baseline 0.003 -18"><span class='ocrx_word' id='word_1_56' title='bbox 656 975 703 1021; x_wconf 91' lang='lat' dir='ltr'>O</span> <span class='ocrx_word' id='word_1_57' title='bbox 733 973 973 1032; x_wconf 87' lang='lat' dir='ltr'><strong>Sceledre,</strong></span> <span class='ocrx_word' id='word_1_58' title='bbox 1007 974 1253 1035; x_wconf 85' lang='lat' dir='ltr'><strong>Sceledre,</strong></span> <span class='ocrx_word' id='word_1_59' title='bbox 1282 976 1403 1039; x_wconf 92' lang='lat' dir='ltr'><strong>quid</strong></span> <span class='ocrx_word' id='word_1_60' title='bbox 1431 978 1531 1025; x_wconf 85' lang='lat' dir='ltr'><strong>vis?</strong></span> 
     </span>
     <span class='ocr_line' id='line_1_12' title="bbox 609 1069 1185 1104; baseline 0.003 -3"><span class='ocrx_word' id='word_1_61' title='bbox 609 1069 631 1102; x_wconf 94' lang='lat' dir='ltr'><strong>s</strong></span> <span class='ocrx_word' id='word_1_62' title='bbox 668 1069 696 1101; x_wconf 88' lang='lat' dir='ltr'><strong>c</strong></span> <span class='ocrx_word' id='word_1_63' title='bbox 731 1069 761 1101; x_wconf 85' lang='lat' dir='ltr'><strong>E</strong></span> <span class='ocrx_word' id='word_1_64' title='bbox 798 1069 829 1101; x_wconf 91' lang='lat' dir='ltr'>L</span> <span class='ocrx_word' id='word_1_65' title='bbox 865 1069 895 1103; x_wconf 79' lang='grc' dir='ltr'><strong>Ε</strong></span> <span class='ocrx_word' id='word_1_66' title='bbox 933 1070 968 1102; x_wconf 88' lang='lat' dir='ltr'>D</span> <span class='ocrx_word' id='word_1_67' title='bbox 1004 1071 1038 1103; x_wconf 87' lang='lat' dir='ltr'>R</span> <span class='ocrx_word' id='word_1_68' title='bbox 1074 1069 1111 1102; x_wconf 82' lang='lat' dir='ltr'><strong>U</strong></span> <span class='ocrx_word' id='word_1_69' title='bbox 1146 1069 1185 1104; x_wconf 90' lang='lat' dir='ltr'><strong>s.</strong></span> 
     </span>
    </p>
   </div>
   <div class='ocr_carea' id='block_1_4' title="bbox 248 1137 1530 1943">
    <p class='ocr_par' dir='ltr' id='par_1_4' title="bbox 248 1137 1530 1943">
     <span class='ocr_line' id='line_1_13' title="bbox 250 1137 1530 1199; baseline -0.001 -12"><span class='ocrx_word' id='word_1_70' title='bbox 250 1140 382 1186; x_wconf 89' lang='lat' dir='ltr'><strong>Haec</strong></span> <span class='ocrx_word' id='word_1_71' title='bbox 411 1138 614 1196; x_wconf 84' lang='lat' dir='ltr'><strong>mulier,</strong></span> <span class='ocrx_word' id='word_1_72' title='bbox 647 1154 770 1199; x_wconf 91' lang='lat' dir='ltr'><strong>quae</strong></span> <span class='ocrx_word' id='word_1_73' title='bbox 802 1137 914 1184; x_wconf 92' lang='lat' dir='ltr'><strong>hinc</strong></span> <span class='ocrx_word' id='word_1_74' title='bbox 946 1138 1043 1184; x_wconf 86' lang='lat' dir='ltr'><strong>exit</strong></span> <span class='ocrx_word' id='word_1_75' title='bbox 1073 1137 1252 1197; x_wconf 91' lang='lat' dir='ltr'><strong>modo,</strong></span> <span class='ocrx_word' id='word_1_76' title='bbox 1282 1149 1411 1186; x_wconf 88' lang='lat' dir='ltr'><strong>estne</strong></span> <span class='ocrx_word' id='word_1_77' title='bbox 1446 1140 1530 1186; x_wconf 90' lang='lat' dir='ltr'><strong>he·-</strong></span> 
     </span>
     <span class='ocr_line' id='line_1_14' title="bbox 502 1210 903 1256; baseline 0 0"><span class='ocrx_word' id='word_1_78' title='bbox 502 1211 595 1256; x_wconf 77' lang='lat' dir='ltr'><strong>rilis</strong></span> <span class='ocrx_word' id='word_1_79' title='bbox 634 1210 903 1256; x_wconf 89' lang='lat' dir='ltr'><strong>concubina</strong></span> 
     </span>
     <span class='ocr_line' id='line_1_15' title="bbox 252 1282 1115 1331; baseline 0 -2"><span class='ocrx_word' id='word_1_80' title='bbox 252 1283 692 1331; x_wconf 83' lang='lat' dir='ltr'><strong>Philocomasium?</strong></span> <span class='ocrx_word' id='word_1_81' title='bbox 717 1299 777 1328; x_wconf 86' lang='lat' dir='ltr'><strong>an</strong></span> <span class='ocrx_word' id='word_1_82' title='bbox 804 1299 906 1328; x_wconf 90' lang='lat' dir='ltr'><strong>non</strong></span> <span class='ocrx_word' id='word_1_83' title='bbox 937 1292 1005 1328; x_wconf 90' lang='lat' dir='ltr'><strong>est</strong></span> <span class='ocrx_word' id='word_1_84' title='bbox 1030 1282 1115 1329; x_wconf 80' lang='lat' dir='ltr'><strong>ea?</strong></span> 
     </span>
     <span class='ocr_line' id='line_1_16' title="bbox 574 1377 1218 1412; baseline 0.003 -2"><span class='ocrx_word' id='word_1_85' title='bbox 574 1378 603 1410; x_wconf 91' lang='grc' dir='ltr'>Ρ</span> <span class='ocrx_word' id='word_1_86' title='bbox 639 1378 675 1410; x_wconf 87' lang='lat' dir='ltr'>A</span> <span class='ocrx_word' id='word_1_87' title='bbox 711 1378 741 1410; x_wconf 90' lang='lat' dir='ltr'>L</span> <span class='ocrx_word' id='word_1_88' title='bbox 778 1377 813 1410; x_wconf 87' lang='lat' dir='ltr'>A</span> <span class='ocrx_word' id='word_1_89' title='bbox 848 1378 878 1410; x_wconf 84' lang='lat' dir='ltr'><strong>E</strong></span> <span class='ocrx_word' id='word_1_90' title='bbox 916 1377 938 1410; x_wconf 90' lang='lat' dir='ltr'><strong>s</strong></span> <span class='ocrx_word' id='word_1_91' title='bbox 976 1378 1007 1409; x_wconf 87' lang='lat' dir='ltr'>T</span> <span class='ocrx_word' id='word_1_92' title='bbox 1044 1379 1077 1411; x_wconf 83' lang='lat' dir='ltr'>R</span> <span class='ocrx_word' id='word_1_93' title='bbox 1113 1379 1134 1411; x_wconf 94' lang='lat'>1</span> <span class='ocrx_word' id='word_1_94' title='bbox 1168 1379 1218 1412; x_wconf 86' lang='lat' dir='ltr'><strong>o.</strong></span> 
     </span>
     <span class='ocr_line' id='line_1_17' title="bbox 814 1435 1530 1497; baseline 0.01 -17"><span class='ocrx_word' id='word_1_95' title='bbox 814 1435 986 1481; x_wconf 79' lang='lat' dir='ltr'><strong>Hercle</strong></span> <span class='ocrx_word' id='word_1_96' title='bbox 1015 1437 1218 1497; x_wconf 88' lang='lat' dir='ltr'>opinor,</span> <span class='ocrx_word' id='word_1_97' title='bbox 1251 1454 1304 1485; x_wconf 88' lang='lat' dir='ltr'><strong>ea</strong></span> <span class='ocrx_word' id='word_1_98' title='bbox 1326 1438 1530 1487; x_wconf 86' lang='lat' dir='ltr'><strong>videtur.</strong></span> 
     </span>
     <span class='ocr_line' id='line_1_18' title="bbox 251 1508 1528 1569; baseline 0.001 -12"><span class='ocrx_word' id='word_1_99' title='bbox 251 1508 346 1558; x_wconf 88' lang='lat' dir='ltr'><strong>Sed</strong></span> <span class='ocrx_word' id='word_1_100' title='bbox 364 1508 542 1556; x_wconf 89' lang='lat' dir='ltr'><strong>facinus</strong></span> <span class='ocrx_word' id='word_1_101' title='bbox 560 1508 739 1554; x_wconf 83' lang='lat' dir='ltr'><strong>mirum</strong></span> <span class='ocrx_word' id='word_1_102' title='bbox 757 1508 834 1564; x_wconf 87' lang='lat' dir='ltr'><strong>’st‚</strong></span> <span class='ocrx_word' id='word_1_103' title='bbox 853 1509 1106 1569; x_wconf 90' lang='lat' dir='ltr'><strong>quomodo</strong></span> <span class='ocrx_word' id='word_1_104' title='bbox 1136 1510 1250 1556; x_wconf 91' lang='lat' dir='ltr'><strong>haec</strong></span> <span class='ocrx_word' id='word_1_105' title='bbox 1267 1511 1379 1558; x_wconf 90' lang='lat' dir='ltr'><strong>hinc</strong></span> <span class='ocrx_word' id='word_1_106' title='bbox 1395 1526 1528 1558; x_wconf 88' lang='lat' dir='ltr'><strong>nunc</strong></span> 
     </span>
     <span class='ocr_line' id='line_1_19' title="bbox 501 1592 952 1644; baseline -0.002 -16"><span class='ocrx_word' id='word_1_107' title='bbox 501 1593 715 1644; x_wconf 79' lang='lat' dir='ltr'><strong>potuerit</strong></span> <span class='ocrx_word' id='word_1_108' title='bbox 739 1592 952 1627; x_wconf 75' lang='lat' dir='ltr'><strong>transue:</strong></span> 
     </span>
     <span class='ocr_line' id='line_1_20' title="bbox 248 1655 662 1719; baseline -0.007 -15"><span class='ocrx_word' id='word_1_109' title='bbox 248 1655 498 1719; x_wconf 80' lang='lat' dir='ltr'><strong>Siquidem</strong></span> <span class='ocrx_word' id='word_1_110' title='bbox 526 1673 579 1702; x_wconf 88' lang='lat' dir='ltr'><strong>ea</strong></span> <span class='ocrx_word' id='word_1_111' title='bbox 596 1657 662 1702; x_wconf 87' lang='lat' dir='ltr'><strong>&#39;st.</strong></span> 
     </span>
     <span class='ocr_line' id='line_1_21' title="bbox 609 1748 1181 1784; baseline 0.007 -4"><span class='ocrx_word' id='word_1_112' title='bbox 609 1748 630 1781; x_wconf 92' lang='lat' dir='ltr'><strong>s</strong></span> <span class='ocrx_word' id='word_1_113' title='bbox 668 1749 694 1780; x_wconf 89' lang='lat' dir='ltr'><strong>c</strong></span> <span class='ocrx_word' id='word_1_114' title='bbox 730 1749 760 1781; x_wconf 84' lang='grc' dir='ltr'><strong>Ε</strong></span> <span class='ocrx_word' id='word_1_115' title='bbox 797 1749 827 1782; x_wconf 88' lang='lat' dir='ltr'>L</span> <span class='ocrx_word' id='word_1_116' title='bbox 865 1750 893 1782; x_wconf 85' lang='lat' dir='ltr'>E</span> <span class='ocrx_word' id='word_1_117' title='bbox 929 1750 965 1782; x_wconf 88' lang='lat' dir='ltr'>D</span> <span class='ocrx_word' id='word_1_118' title='bbox 1001 1750 1035 1783; x_wconf 81' lang='lat' dir='ltr'>R</span> <span class='ocrx_word' id='word_1_119' title='bbox 1071 1749 1108 1782; x_wconf 87' lang='lat' dir='ltr'><strong>U</strong></span> <span class='ocrx_word' id='word_1_120' title='bbox 1143 1749 1181 1784; x_wconf 84' lang='lat' dir='ltr'><strong>s.</strong></span> 
     </span>
     <span class='ocr_line' id='line_1_22' title="bbox 409 1815 1308 1863; baseline 0.002 -3"><span class='ocrx_word' id='word_1_121' title='bbox 409 1815 487 1861; x_wconf 91' lang='lat' dir='ltr'><strong>An</strong></span> <span class='ocrx_word' id='word_1_122' title='bbox 516 1815 722 1861; x_wconf 91' lang='lat' dir='ltr'><strong>dubium</strong></span> <span class='ocrx_word' id='word_1_123' title='bbox 740 1816 827 1861; x_wconf 88' lang='lat' dir='ltr'><strong>tibi</strong></span> <span class='ocrx_word' id='word_1_124' title='bbox 841 1817 895 1862; x_wconf 88' lang='lat' dir='ltr'><strong>’st</strong></span> <span class='ocrx_word' id='word_1_125' title='bbox 914 1833 1018 1862; x_wconf 91' lang='lat' dir='ltr'><strong>eam</strong></span> <span class='ocrx_word' id='word_1_126' title='bbox 1038 1832 1131 1862; x_wconf 89' lang='lat' dir='ltr'><strong>esse</strong></span> <span class='ocrx_word' id='word_1_127' title='bbox 1152 1816 1308 1863; x_wconf 85' lang='lat' dir='ltr'><strong>hanc?</strong></span> 
     </span>
     <span class='ocr_line' id='line_1_23' title="bbox 571 1909 1216 1943; baseline -0.002 0"><span class='ocrx_word' id='word_1_128' title='bbox 571 1910 600 1943; x_wconf 86' lang='lat' dir='ltr'>P</span> <span class='ocrx_word' id='word_1_129' title='bbox 637 1909 671 1943; x_wconf 91' lang='lat' dir='ltr'>A</span> <span class='ocrx_word' id='word_1_130' title='bbox 708 1909 738 1941; x_wconf 91' lang='lat' dir='ltr'>L</span> <span class='ocrx_word' id='word_1_131' title='bbox 773 1909 807 1941; x_wconf 88' lang='lat' dir='ltr'>A</span> <span class='ocrx_word' id='word_1_132' title='bbox 842 1909 872 1942; x_wconf 87' lang='grc' dir='ltr'><strong>Ε</strong></span> <span class='ocrx_word' id='word_1_133' title='bbox 910 1909 932 1943; x_wconf 91' lang='lat' dir='ltr'><strong>s</strong></span> <span class='ocrx_word' id='word_1_134' title='bbox 971 1910 1002 1942; x_wconf 84' lang='grc' dir='ltr'><strong>Τ</strong></span> <span class='ocrx_word' id='word_1_135' title='bbox 1038 1911 1072 1942; x_wconf 86' lang='lat' dir='ltr'>R</span> <span class='ocrx_word' id='word_1_136' title='bbox 1107 1910 1128 1941; x_wconf 95' lang='lat'>1</span> <span class='ocrx_word' id='word_1_137' title='bbox 1165 1909 1216 1942; x_wconf 92' lang='grc' dir='ltr'><strong>ο.</strong></span> 
     </span>
    </p>
   </div>
   <div class='ocr_carea' id='block_1_5' title="bbox 246 1968 1527 2095">
    <p class='ocr_par' dir='ltr' id='par_1_5' title="bbox 246 1968 1527 2095">
     <span class='ocr_line' id='line_1_24' title="bbox 1222 1968 1527 2019; baseline 0.01 -3"><span class='ocrx_word' id='word_1_138' title='bbox 1222 1968 1290 2016; x_wconf 84' lang='lat' dir='ltr'><strong>Ea</strong></span> <span class='ocrx_word' id='word_1_139' title='bbox 1321 1968 1527 2019; x_wconf 85' lang='lat' dir='ltr'><strong>videtur.</strong></span> 
     </span>
     <span class='ocr_line' id='line_1_25' title="bbox 246 2032 851 2095; baseline -0.007 -14"><span class='ocrx_word' id='word_1_140' title='bbox 246 2032 486 2082; x_wconf 72' lang='lat' dir='ltr'><strong>Adeamus</strong></span> <span class='ocrx_word' id='word_1_141' title='bbox 502 2068 516 2092; x_wconf 87' lang='lat'>‚</span> <span class='ocrx_word' id='word_1_142' title='bbox 546 2033 851 2095; x_wconf 86' lang='lat' dir='ltr'><strong>appellemus.</strong></span> 
     </span>
    </p>
   </div>
   <div class='ocr_carea' id='block_1_6' title="bbox 606 2126 1176 2175">
    <p class='ocr_par' dir='ltr' id='par_1_6' title="bbox 606 2126 1176 2175">
     <span class='ocr_line' id='line_1_26' title="bbox 606 2126 1176 2175; baseline 0 -15"><span class='ocrx_word' id='word_1_143' title='bbox 606 2126 1176 2175; x_wconf 49' lang='lat' dir='ltr'><strong>scE4EDRUs.</strong></span> 
     </span>
    </p>
   </div>
   <div class='ocr_carea' id='block_1_7' title="bbox 249 2187 1527 2484">
    <p class='ocr_par' dir='ltr' id='par_1_7' title="bbox 249 2187 1527 2484">
     <span class='ocr_line' id='line_1_27' title="bbox 485 2187 1527 2254; baseline 0.002 -15"><span class='ocrx_word' id='word_1_144' title='bbox 485 2193 646 2250; x_wconf 71' lang='lat' dir='ltr'><strong>Hem,</strong></span> <span class='ocrx_word' id='word_1_145' title='bbox 677 2193 799 2254; x_wconf 91' lang='lat' dir='ltr'><strong>quid</strong></span> <span class='ocrx_word' id='word_1_146' title='bbox 826 2193 944 2239; x_wconf 89' lang='lat' dir='ltr'><strong>istuc</strong></span> <span class='ocrx_word' id='word_1_147' title='bbox 969 2204 1064 2250; x_wconf 89' lang='lat' dir='ltr'><strong>est,</strong></span> <span class='ocrx_word' id='word_1_148' title='bbox 1095 2187 1527 2240; x_wconf 81' lang='lat' dir='ltr'><strong>Philocomasium?</strong></span> 
     </span>
     <span class='ocr_line' id='line_1_28' title="bbox 251 2265 1524 2337; baseline 0.001 -23"><span class='ocrx_word' id='word_1_149' title='bbox 251 2265 394 2337; x_wconf 69' lang='lat' dir='ltr'><strong>Quid</strong></span> <span class='ocrx_word' id='word_1_150' title='bbox 420 2267 509 2313; x_wconf 89' lang='lat' dir='ltr'><strong>tibi</strong></span> <span class='ocrx_word' id='word_1_151' title='bbox 540 2266 640 2312; x_wconf 84' lang='lat' dir='ltr'><strong>istic</strong></span> <span class='ocrx_word' id='word_1_152' title='bbox 669 2266 794 2313; x_wconf 86' lang='lat' dir='ltr'><strong>hisce</strong></span> <span class='ocrx_word' id='word_1_153' title='bbox 824 2266 873 2311; x_wconf 91' lang='lat' dir='ltr'><strong>in</strong></span> <span class='ocrx_word' id='word_1_154' title='bbox 906 2265 1100 2312; x_wconf 91' lang='lat' dir='ltr'><strong>aedibus</strong></span> <span class='ocrx_word' id='word_1_155' title='bbox 1139 2266 1372 2315; x_wconf 74' lang='lat' dir='ltr'><strong>debetur?</strong></span> <span class='ocrx_word' id='word_1_156' title='bbox 1403 2266 1524 2330; x_wconf 86' lang='lat' dir='ltr'><strong>quid</strong></span> 
     </span>
     <span class='ocr_line' id='line_1_29' title="bbox 500 2341 775 2405; baseline -0.007 -16"><span class='ocrx_word' id='word_1_157' title='bbox 500 2341 666 2405; x_wconf 87' lang='lat' dir='ltr'><strong>negoti</strong></span> <span class='ocrx_word' id='word_1_158' title='bbox 687 2341 775 2387; x_wconf 62' lang='lat' dir='ltr'><strong>’sti&#39;</strong></span> 
     </span>
     <span class='ocr_line' id='line_1_30' title="bbox 249 2415 1135 2484; baseline -0.002 -20"><span class='ocrx_word' id='word_1_159' title='bbox 249 2415 388 2484; x_wconf 75' lang='lat' dir='ltr'><strong>Quid</strong></span> <span class='ocrx_word' id='word_1_160' title='bbox 413 2431 545 2464; x_wconf 88' lang='lat' dir='ltr'><strong>nunc</strong></span> <span class='ocrx_word' id='word_1_161' title='bbox 572 2415 725 2462; x_wconf 82' lang='lat' dir='ltr'><strong>taces?</strong></span> <span class='ocrx_word' id='word_1_162' title='bbox 758 2425 918 2461; x_wconf 89' lang='lat' dir='ltr'><strong>tecum</strong></span> <span class='ocrx_word' id='word_1_163' title='bbox 945 2415 1135 2476; x_wconf 83' lang='lat' dir='ltr'><strong>loquor.</strong></span> 
     </span>
    </p>
   </div>
  </div>
 </body>
</html>
