1618 2866
228 158 1230 225 238-MENAECHME1.
1381 166 1509 212 v.81

419 285 1318 332 MENAEchusSosicles.

799 355 1028 403 Meretrix
1053 358 1149 405 huc
1175 358 1236 405 ad
1257 361 1515 422 prandium

224 433 307 480 Me
336 430 560 477 abduxit:
598 447 676 477 me
699 431 788 477 sibi
812 431 991 477 dedisse
1018 431 1185 495 ajebat.
1214 433 1383 493 prandi
1406 452 1512 497 per-

486 505 612 551 bene
628 539 643 562 ,
1058 512 1061 514 ’

223 581 417 638 Potavi,
443 591 589 641 atque
617 580 821 626 accubui
855 591 1086 627 scortum:
1119 580 1323 642 pallam,
1356 591 1404 628 et
1429 598 1511 628 au-

482 669 593 698 rum
625 653 718 699 hoc
753 652 873 698 mihi
903 653 1050 699 dedit.
1194 704 1199 707 Α

389 745 1335 801 MENAECHMUSsurreptus.

225 808 426 856 Gaudeo
459 807 666 869 edepol,
707 808 743 853 si
777 809 899 870 quid
927 820 1123 871 propter
1151 827 1230 856 me
1267 811 1357 857 tibi
1397 827 1507 859 eve-

483 879 556 924 nit
583 879 714 925 boni.

222 951 348 1018 Nam
370 952 449 997 illa
476 967 630 1011 quom
664 961 713 996 te
741 951 802 997 ad
832 968 879 998 se
908 952 1108 1000 vocabat
1125 988 1139 1012 ,
1171 971 1253 1000 me
1271 937 1377 1001 'esse
1409 971 1509 1002 cre-

485 1023 620 1070 didit.
1501 1058 1519 1083 θ

607 1108 651 1142 Μ
687 1108 717 1140 E
754 1107 776 1142 S
814 1108 837 1142 S
874 1109 904 1141 E
941 1110 975 1142 N
1011 1109 1032 1142 I
1069 1110 1117 1143 Ο.

222 1169 481 1232 Numquid
506 1186 586 1215 me
609 1185 822 1227 morare,
859 1169 981 1231 quin
1017 1185 1106 1234 ego
1138 1169 1288 1228 liber,
1328 1180 1384 1217 ut
1409 1170 1512 1242 ᾖξε-

485 1243 611 1301 sisti,
643 1243 782 1289 eam?
1512 1265 1515 1267 ·

385 1330 428 1362 M
463 1330 496 1372 E*
533 1330 567 1362 N
607 1328 642 1361 A
680 1328 710 1361 E
750 1329 776 1360 C
816 1328 850 1361 H
887 1329 930 1361 M
968 1328 1004 1361 U
1040 1328 1062 1362 S
1099 1328 1333 1382 surreptus.

224 1392 505 1454 Optumum
537 1400 682 1450 atque
708 1389 1067 1449 aequissumum
1088 1402 1191 1436 orat
1207 1424 1222 1448 ,
1244 1389 1408 1437 frater:
1439 1389 1511 1437 fac

484 1478 638 1508 caussa
661 1477 780 1506 mea.

406 1549 449 1583 M
485 1550 514 1582 E
553 1549 587 1582 N
625 1548 659 1581 A
694 1548 724 1581 E
765 1547 792 1580 c
830 1547 866 1580 H
902 1546 945 1579 Μ
982 1544 1079 1580 us
1111 1534 1306 1579 Sosicles.

220 1612 364 1658 Liber
400 1620 514 1656 esto.

614 1684 980 1720 SERVUS
1025 1673 1150 1718 alius.

445 1748 617 1817 Quom
649 1758 705 1793 tu
728 1747 847 1793 liber
872 1763 918 1792 es
938 1780 952 1804 ‚
983 1745 1168 1810 gaudeo
1187 1776 1202 1802 ,
1227 1741 1474 1789 Messenio.

611 1840 654 1872 M
690 1840 718 1871 E
757 1839 779 1871 s
817 1839 838 1872 s
875 1839 905 1871 Ε
941 1839 975 1871 Ν
1009 1839 1031 1870 1
1069 1838 1116 1871 o.

221 1902 316 1951 Sed
343 1902 539 1948 meliore
578 1912 645 1946 est
688 1917 807 1962 opus
844 1899 1081 1962 auspicio,
1115 1897 1237 1943 liber
1269 1907 1504 1959 perpetuo

482 1986 538 2020 ut
566 1974 694 2019 siem.
1470 1968 1476 1974 '

402 2046 1300 2096 MENAECHMUsSosz'cles.

221 2124 468 2194 Quoniam
496 2123 610 2167 haec
640 2131 930 2178 evenerunt,
958 2119 1118 2178 frater,
1140 2131 1297 2166 nostra
1322 2136 1382 2167 ex
1405 2134 1506 2166 sen-

479 2206 655 2252 tenua,

222 2270 282 2316 In
303 2270 502 2333 patriam
529 2267 776 2314 redeamus
806 2267 964 2313 ambo.

387 2359 989 2398 MENAECHMU
1030 2358 1354 2412 ssurreptus„

749 2421 935 2479 Frater,
971 2420 1139 2468 faciam
1158 2455 1172 2480 ,
1197 2431 1253 2467 ut
1275 2430 1330 2465 tu
1357 2418 1497 2466 voles.
1573 2462 1577 2465 .
