1618 2866
265 206 362 255 350
438 156 746 241 'MILES
787 194 1305 249 GLORIOSUS.
1432 215 1558 266 ψη

429 291 1413 357 ΡΕΒΙΡΙ,ΕοΤοΜΕΝΕεμ

461 375 557 421 Ubi
582 376 729 435 abiit,
756 379 1032 425 conclamo:
1063 380 1181 426 heus
1203 383 1326 443 quid
1346 385 1442 448 agis
1468 397 1525 432 tu
1543 421 1562 446 ,

974 454 1207 515 inquam,
1236 455 1287 502 in
1309 460 1512 523 tegulis.

262 527 351 573 Ille
377 524 496 571 mihi
526 523 688 571 abiens
718 525 782 571 ita
809 526 1079 588 respondit,
1105 544 1152 573 se
1173 531 1335 576 sectari
1357 532 1555 581 simiam.

590 620 618 652 Ρ
654 619 688 652 A
725 620 755 653 1.
791 621 827 654 A
862 621 893 653 E
933 620 954 654 s
994 622 1025 654 Τ
1062 623 1095 656 R
1130 622 1151 656 1
1190 624 1238 656 o.

257 679 360 733 Vae
386 679 507 725 mihi
534 679 734 737 misero,
771 680 890 741 quoi
919 682 1229 742 pereundum
1260 695 1327 730 est
1359 696 1556 749 propter

518 754 655 801 nihili
681 754 893 801 bestiam.

260 826 356 875 Sed
375 825 779 872 Philocomasium
797 825 981 872 hiccine
1000 827 1143 872 etiam
1162 843 1295 873 nunc
1316 838 1383 874 est
1398 828 1422 874 Ξ)

421 921 1411 957 PERIPLECTOMENES.

903 982 1073 1051 Quom
1096 981 1287 1029 exibam
1303 1017 1317 1040 ,
1344 983 1422 1029 hic
1442 994 1550 1031 erat.

586 1066 615 1099 P
656 1065 691 1098 A
725 1066 756 1098 L
792 1066 828 1099 A
863 1067 893 1100 E
933 1067 954 1100 s
994 1067 1025 1099 Τ
1061 1068 1094 1101 R
1129 1067 1150 1100 1
1189 1068 1236 1101 o.

260 1129 328 1178 Sis
369 1129 490 1195 jube
522 1128 712 1174 transire
741 1129 838 1174 huc
863 1162 877 1186 ,
914 1139 1155 1189 quantum
1190 1128 1372 1190 possit,
1413 1144 1460 1175 se
1493 1138 1551 1175 ut

518 1203 714 1250 videant
746 1203 881 1250 domi

255 1279 546 1325 Familiares:
581 1278 671 1323 nisi
695 1277 897 1338 quidem
926 1278 1006 1325 illa
1033 1295 1120 1325 nos
1150 1278 1285 1337 volt,
1314 1277 1404 1339 qui
1427 1277 1546 1324 servi

510 1368 700 1408 sumUS,
1491 1344 1496 1345 ⁷

255 1431 455 1492 Propter
487 1442 701 1472 amorem
739 1442 881 1471 suum
927 1427 1089 1473 omnis
1118 1426 1336 1474 crucibus
1371 1436 1545 1474 contu-

508 1498 710 1545 bernalis
740 1498 850 1544 dari.

415 1583 1398 1620 PERIPLECTOMENES.

252 1647 368 1694 Dixi
396 1647 483 1710 ego
511 1646 630 1691 istuc
646 1663 657 1694 ;
690 1644 778 1689 nisi
811 1644 932 1705 quid
955 1644 1087 1690 aliud
1111 1644 1193 1691 vis.

577 1731 605 1763 P
643 1731 678 1763 A
715 1731 745 1763 L
780 1729 814 1762 A
849 1730 880 1762 Ε
918 1731 940 1764 s
980 1731 1011 1763 T
1046 1732 1080 1765 R
1111 1731 1131 1763 1
1169 1731 1216 1764 ο.

1074 1791 1216 1837 Volo.
1243 1790 1337 1836 hoc
1361 1790 1536 1849 dicito,

250 1872 385 1919 Paret
403 1878 552 1915 artem
577 1878 623 1912 et
641 1865 934 1926 disciplinam
951 1898 963 1920 ,
985 1864 1200 1909 obtineat
1219 1865 1442 1910 colorem.

413 1949 1392 1990 PERIPLECTOMENES.

985 2012 1047 2058 Et
1080 2011 1538 2076 quemadmodum?

574 2098 603 2130 P
639 2096 674 2129 A
709 2097 741 2130 1.
774 2097 809 2129 A
845 2097 875 2129 Ε
914 2098 935 2131 s
975 2097 1006 2130 T
1042 2099 1074 2130 R
1112 2098 1130 2129 1
1170 2097 1219 2129 ο.

245 2162 312 2209 Ut
346 2175 488 2217 eum,
525 2159 610 2220 qui
640 2157 715 2203 hic
746 2174 792 2203 se
822 2158 944 2204 vidit
962 2192 976 2215 ,
1013 2174 1125 2205 vero
1159 2157 1317 2205 vincat
1335 2191 1351 2216 ,
1380 2167 1437 2204 ut
1466 2173 1528 2204 ne

498 2230 693 2277 viderit:

244 2305 494 2368 Siquidem
523 2303 696 2349 centies
726 2303 803 2348 hic
820 2303 914 2348 visa
937 2303 1020 2359 sit,
1048 2314 1209 2349 tamen
1237 2301 1406 2348 infitias
1433 2310 1520 2346 eat.

245 2381 314 2427 Os
335 2379 506 2436 habet,
536 2377 775 2440 linguam,
801 2377 1072 2439 perfidiam,
1098 2378 1352 2436 malitiam,
1376 2385 1523 2437 atque

502 2450 772 2510 audaciam,
