1618 2866
235 201 332 252 320
462 186 1259 238 MOSTELLARIA.
1425 207 1516 240 v.1

599 363 636 409 S
688 361 727 408 C
770 361 814 408 E
861 362 988 409 NA
1071 363 1195 408 ΙΙ.’

300 507 509 543 SIMO,
551 506 1100 546 THEUROPIDES‚
1150 477 1447 547 TRANIo.

757 646 1000 681 SIMO.

228 702 573 816 MELIUS
609 785 735 816 anno
765 770 858 819 hoc
888 770 1009 816 mihi
1040 785 1143 817 non
1172 770 1263 816 fuit
1297 770 1463 831 domi,

232 840 334 886 Nec
367 841 564 901 quando
597 858 697 888 esca
726 858 822 888 una
854 859 932 889 me
959 843 1134 907 juverit
1163 845 1320 908 magis.

229 913 492 960 Prandium
528 930 650 960 uxor
674 915 796 959 mihi
829 916 1103 976 perbonum
1133 916 1279 962 dedit.

227 986 374 1032 Nunc
404 986 667 1033 dormitum
689 987 831 1050 jubet
863 1005 942 1033 me
976 988 1053 1033 ire.
1084 988 1297 1035 minime.

227 1060 343 1107 Non
375 1061 494 1106 mihi
521 1060 643 1107 forte
674 1061 829 1108 visum
857 1062 982 1108 illico
1010 1061 1129 1119 fuit,

230 1134 404 1181 Melius
435 1150 587 1196 quom
618 1135 903 1196 prandium,
940 1153 1087 1198 quam
1117 1138 1337 1195 solitum,
1367 1136 1514 1184 dedit.

228 1206 399 1254 Voluit
434 1208 484 1254 in
514 1208 794 1254 cubiculum
827 1209 1062 1256 abducere
1089 1228 1167 1257 me
1195 1227 1322 1258 anus.

225 1280 340 1326 Non
370 1281 525 1326 bonus
555 1297 748 1328 somnus
785 1293 852 1327 est
886 1282 945 1328 de
978 1283 1206 1345 prandio:
1244 1300 1413 1348 apage:

227 1352 517 1398 Clanculum
546 1368 605 1397 ex
627 1354 821 1399 aedibus
852 1371 930 1400 me
967 1355 1095 1401 edidi
1122 1355 1253 1409 foras.

222 1424 354 1476 ,Tota
391 1436 548 1490 turget
582 1427 700 1472 mihi
729 1443 852 1473 uxor
881 1444 1013 1474 nunc
1030 1464 1043 1485 ‚
1070 1430 1164 1476 scio
1182 1464 1198 1487 ,
1231 1429 1381 1477 domi.

682 1533 1066 1568 TRANIO.

228 1599 319 1646 Res
342 1611 499 1661 parata
528 1611 596 1646 est
621 1603 745 1647 mala
769 1601 819 1647 in
849 1619 1097 1664 vesperum
1131 1604 1242 1649 huic
1267 1603 1379 1648 seni.

223 1671 350 1718 Nam
374 1684 420 1718 et
446 1675 751 1722 coenandum
770 1687 817 1722 et
840 1676 1115 1723 cubandum
1137 1688 1204 1723 est
1228 1677 1355 1722 intus
1372 1678 1510 1723 male.

747 1777 994 1811 SIMO.

222 1843 342 1911 Quo
371 1844 516 1906 magis
553 1845 711 1907 cogito
743 1862 830 1908 ego
866 1862 978 1892 cum
1015 1863 1125 1892 meo
1153 1847 1344 1903 animo,

222 1914 272 1961 Si
297 1916 403 1977 quis
431 1915 642 1962 dotatam
677 1934 876 1964 uxorem
909 1919 1052 1965 habet
1070 1954 1084 1976 ‚

219 1987 481 2035 Neminem
510 1989 710 2036 solicitat
743 2007 894 2051 sopor.

218 2060 295 2107 Ire
323 2062 588 2109 dormitum
619 2063 733 2110 odio
762 2074 842 2109 est.
884 2081 1014 2110 nunc
1043 2081 1156 2110 vero
1188 2065 1306 2111 mihi

218 2134 431 2196 Exsequi
461 2147 585 2182 certa
610 2153 678 2182 res
709 2148 805 2194 est,
839 2148 894 2183 ut
920 2138 1086 2184 abeam

218 2204 383 2251 Potius
413 2208 525 2253 hinc
556 2209 616 2254 ad
648 2209 805 2256 forum
824 2245 838 2267 ‚
863 2227 1009 2272 quam
1046 2211 1180 2257 domi
1209 2211 1398 2258 cubem.

221 2275 386 2338 Atque
416 2281 501 2340 pol
531 2282 689 2328 nescio
710 2317 724 2339 ‚
761 2293 816 2329 ut
839 2283 1055 2330 moribus
1090 2286 1210 2330 sient

217 2350 436 2400 Vestrae:
463 2354 577 2400 haec
610 2366 677 2401 sat
710 2356 805 2402 scio
823 2391 838 2413 ,
865 2373 1012 2417 quam
1045 2374 1123 2402 me
1152 2358 1324 2404 habeat
1358 2358 1502 2404 male:

221 2424 460 2490 Pejusque
490 2429 687 2491 posthac
718 2429 850 2487 fore,
881 2446 1029 2492 quam
1062 2429 1155 2477 fuit
1181 2431 1315 2478 mihi.
