1618 2866
237 155 329 222 ,ῳ
463 155 1260 210 MOSTELLARIA.
1392 152 1586 228 ‘v.44³

593 281 623 315 P
660 281 695 315 H
731 281 766 315 A
802 283 835 315 N
872 283 892 315 1
931 282 953 316 S
991 284 1017 316 C
1056 284 1091 317 U
1128 284 1166 319 S.

760 350 1068 398 Philolaches.

528 452 1252 489 THEUROPIDES.

1080 517 1183 588 Qui
1203 517 1490 565 Philolaches
1501 517 1525 566 Ρ

588 612 617 644 P
655 610 690 643 H
727 610 762 644 A
801 612 833 644 N
872 612 891 644 I
928 611 950 644 S
989 613 1016 644 C
1055 611 1090 644 U
1129 612 1167 646 S.

229 678 367 749 Quoi
386 689 570 740 patrem
594 677 958 739 Theuropidem
983 695 1075 725 esse
1105 671 1292 742 opinor.

526 767 1250 813 THE'iJROPIDEs.

1048 841 1167 886 Hei!
1200 841 1305 886 hei!
1340 840 1525 900 occidi,

232 913 282 961 Si
320 915 435 960 haec
470 913 547 958 hic
578 929 687 958 vera
731 924 980 960 memorat.
1012 931 1205 980 pergam
1239 932 1382 976 porro
1417 932 1526 977 per-

493 998 739 1032 contarier.

233 1059 340 1106 Ain’
363 1070 417 1105 tu
442 1060 544 1106 istic
574 1070 741 1121 potare
771 1059 968 1106 solitum
997 1059 1322 1107 Philolachem
1356 1061 1524 1118 istum,

488 1135 701 1196 quisquis
727 1146 820 1193 est,

233 1207 360 1254 Cum
381 1208 498 1254 hero
524 1218 684 1255 vostro
699 1208 721 1252 Ξ)

595 1295 625 1327 P
662 1294 695 1325 H
732 1294 766 1326 A
807 1295 840 1327 N
878 1294 899 1327 Ι
937 1294 960 1328 s
995 1294 1022 1326 c
1059 1293 1094 1326 U
1132 1292 1171 1327 s.

460 1354 555 1400 Hic
574 1389 587 1411 ,
616 1355 830 1415 inquam.

529 1445 1253 1481 THEUROPIDES.

626 1509 804 1565 Puere,
823 1518 1007 1569 praeter
1036 1506 1242 1569 speciem
1266 1508 1436 1553 stultus
1464 1522 1524 1555 es.

233 1579 361 1628 Vide
385 1580 441 1628 sis
462 1616 477 1640 ‚
514 1595 578 1627 ne
610 1580 733 1627 forte
763 1579 825 1625 ad
860 1578 1139 1626 merendam
1169 1578 1403 1640 quopiam
1439 1578 1524 1624 de<

494 1667 689 1703 vortens
704 1690 719 1713 ,

230 1724 397 1788 'Atque
415 1727 483 1773 ibi
500 1727 800 1783 meliuscule,
817 1742 966 1787 quam
984 1725 1086 1771 satis
1105 1724 1271 1782 fuerit,
1289 1723 1475 1770 biberis.

593 1824 1172 1859 PHANISCUS.

1246 1875 1523 1944 Quidest?

526 1960 1253 1994 THEUROPIDES.

232 2029 307 2077 Ita
331 2027 468 2088 dico,
493 2045 557 2075 ne
585 2027 647 2075 ad
665 2027 772 2074 alias
801 2028 926 2074 aedis
950 2046 1200 2091 perperam
1227 2028 1485 2076 deveneris.

587 2129 1159 2164 PHANISCUS.

231 2197 369 2257 Scio,
395 2217 492 2262 qua
518 2216 599 2247 me
622 2200 689 2246 ire
715 2212 931 2263 oportet:
961 2211 1009 2248 et
1038 2217 1137 2262 quo
1164 2201 1404 2269 venerim2
1428 2217 1521 2248 no·-

486 2274 567 2332 vi,
599 2274 707 2320 loci.
1392 2271 1397 2275 ’

232 2344 520 2392 Philolaches
553 2346 630 2391 hic
661 2345 841 2393 habitat
858 2379 873 2406 ,
904 2347 1078 2412 quojus
1108 2359 1175 2395 est
1202 2359 1335 2412 pater
1355 2347 1516 2393 Theu-

483 2419 687 2482 ropides.
