1618 2866
229 187 320 232 160
483 180 1222 233 MENAECHMEI.
1418 207 1514 253 v.9

224 289 622 359 Quidhocest?

527 371 1206 407 MENAECHMUS.

387 433 618 488 Induviae
640 445 750 479 tuae
764 467 778 490 ,
802 443 949 494 atque
971 433 1131 479 uxoris
1149 435 1374 494 exuviae,
1396 452 1511 482 rosa.
1530 428 1535 436 ’

629 529 658 560 E
697 530 730 562 R
767 529 799 561 o
837 529 868 560 T
903 528 924 560 1
962 528 996 560 U
1032 530 1092 562 M.

223 587 422 651 Superas
452 588 617 646 facile,
642 599 697 634 ut
725 587 936 649 superior
964 588 1020 633 sis
1049 588 1196 648 mihi,
1221 604 1368 651 quam
1385 589 1514 651 quis-

478 677 627 721 quam
656 660 743 721 qui
771 660 1027 721 inpetrant.

581 745 609 778 P
646 745 675 777 E
713 746 745 777 N
781 745 802 778 1
839 745 865 777 c
903 745 938 778 U
978 745 1010 778 L
1047 745 1082 781 Π
1119 746 1157 779 3.

220 807 447 855 Meretrix
475 806 701 867 tantisper
728 805 996 864 blanditur,
1031 806 1151 853 dum
1178 807 1331 866 illud,
1369 807 1508 870 quod

478 878 655 939 rapiat,
680 877 825 925 videt.

221 953 349 1000 Nam
371 954 409 999 si
434 947 646 1009 amabas,
663 953 766 1016 jam
790 953 1042 1015 oportebat
1061 969 1232 1000 nasum
1257 954 1511 1017 abreptum

475 1027 731 1073 mord'mus.

524 1114 567 1147 M
603 1113 633 1146 E
669 1114 703 1146 Ν
739 1112 774 1146 Α
808 1112 837 1145 Ε
877 1113 903 1145 c
942 1112 976 1145 Η
1011 1113 1055 1147 Μ
1089 1113 1126 1147 U
1162 1112 1201 1147 s.

225 1175 413 1224 Sustine
437 1176 531 1221 hoc
548 1209 562 1232 ,
588 1173 836 1219 Penicule:
866 1173 1057 1220 exuvias
1085 1172 1267 1232 facere,
1294 1190 1410 1236 quas
1426 1191 1511 1224 vo-

477 1248 554 1306 vi,
584 1249 713 1294 volo.

572 1334 601 1366 P
638 1333 669 1365 E
706 1334 738 1366 N
777 1333 798 1366 I
837 1334 864 1366 C
903 1333 939 1366 U
972 1333 1004 1366 L
1040 1333 1076 1376 U
1112 1334 1153 1369 S.

224 1395 391 1442 Cedo:
432 1393 515 1439 sed
553 1393 747 1439 obsecro
787 1394 945 1442 hercle
979 1395 1092 1440 salta
1133 1394 1197 1442 sic
1231 1411 1346 1443 cum
1386 1397 1510 1459 palla

474 1475 651 1526 postea.

532 1550 575 1582 M
610 1549 640 1581 E
677 1550 709 1581 N
745 1547 780 1581 A
815 1547 846 1581 E
883 1549 911 1581 C
947 1549 980 1581 H
1016 1549 1060 1583 M
1095 1549 1132 1583 U
1167 1549 1206 1584 S·

220 1611 327 1675 Ego
358 1608 569 1655 saltabo?
602 1624 738 1661 sanus
769 1608 925 1654 her‘cle
952 1625 1055 1655 non
1087 1625 1147 1654 es.

565 1701 594 1735 P
629 1701 661 1734 E
697 1702 731 1735 N
766 1702 788 1734 1
827 1703 854 1735 C
893 1697 929 1735 U
967 1703 999 1735 L
1037 1703 1072 1736 U
1111 1702 1149 1736 S.

834 1824 836 1826 ,
931 1763 1127 1828 Egone,
1158 1778 1219 1810 an
1244 1773 1302 1810 tu
1325 1764 1506 1829 magis‘?

196 1863 201 1867 ·
221 1833 271 1883 Si
295 1852 396 1882 non
422 1837 551 1881 saltas
567 1869 581 1892 ‚
604 1851 726 1880 exue
750 1835 903 1900 igitur.

515 1920 559 1953 M
595 1921 625 1953 Ε
661 1922 695 1953 Ν
718 1919 765 1953 4Α
798 1921 828 1953 Ε
868 1921 894 1953 c
933 1920 967 1953 Η
1003 1921 1045 1953 Μ
1080 1920 1115 1954 U
1151 1921 1190 1956 3.

816 1981 980 2028 Nimio
1014 1998 1102 2047 ego
1138 1983 1261 2030 hanc
1288 1984 1503 2046 periculo

219 2052 447 2115 Subripui
469 2052 627 2099 hodie.
661 2070 771 2099 meo
792 2054 992 2114 quidem
1017 2054 1205 2114 animo,
1233 2057 1293 2103 ab
1313 2056 1501 2119 Hippo-

472 2129 571 2190 lyta
595 2128 926 2197 euccingulum

216 2202 445 2249 Hercules
479 2202 609 2248 haud
639 2219 791 2264 aeque
830 2219 1006 2268 magno
1042 2221 1278 2267 umquam
1307 2206 1498 2253 abstulit

471 2276 695 2337 periculo.
1340 2322 1346 2326 .

219 2347 347 2410 Cape
373 2348 461 2395 tibi
485 2349 627 2394 hanc:
661 2348 856 2410 quando
885 2366 980 2398 una
999 2351 1115 2399 vivis
1151 2353 1267 2399 meis
1292 2352 1495 2416 morige-

474 2437 523 2467 1a
551 2421 777 2467 moribuS.
