1618 2866
257 159 353 207 424
485 142 742 192 MILES
792 132 1289 198 GLORIOSUS,
1413 159 1543 208 v.47

443 262 1351 300 PYRGOPOLINICES.

251 332 423 380 Meum
457 343 840 394 cognomentum
871 331 977 392 quis
1013 333 1425 382 conmemoravit?
1460 333 1543 381 Dii

503 404 593 449 tibi
618 404 735 449 dent
761 421 884 465 quae
912 415 1060 466 optes.

544 490 1266 535 MILPH'IDIPPA.

248 572 438 619 Tecum
467 580 670 616 aetatem
699 571 884 635 exigere
915 583 971 618 ut
999 572 1150 618 liceat.

442 666 1364 712 PYRGOPOLIN‘ICES.

924 734 1144 781 Nimium
1168 746 1315 799 optas.

540 832 1249 867 MILPHIDIPPA.

1146 893 1260 939 Non
1287 909 1366 939 me
1393 893 1500 939 dico
1517 927 1535 951 ‚

249 967 345 1015 Sed
368 970 531 1015 heram
550 984 709 1013 meam
726 1001 740 1023 ,
764 983 887 1028 quae
909 977 957 1012 te
987 966 1262 1012 demoritur.

447 1068 1362 1102 PYRGOPOLINICES.

650 1135 834 1181 Multae
860 1135 975 1182 aliae
1000 1136 1132 1183 idem
1153 1135 1271 1183 istuc
1299 1129 1531 1198 cupiunt,

249 1209 445 1279 Quibus
469 1224 572 1255 non
602 1219 670 1254 est
702 1208 851 1270 copia.

543 1303 1249 1337 MILPHIDIPPA.

421 1371 613 1417 Ecastor
635 1370 767 1415 haud
790 1370 968 1415 mirum
983 1404 997 1426 ‚
1026 1370 1062 1415 si
1086 1382 1134 1415 te
1161 1369 1329 1416 habeas
1349 1386 1535 1428 carum,

246 1443 514 1492 Hominem
539 1454 637 1489 tam
667 1443 925 1503 pulchrum
941 1475 956 1498 ,
990 1453 1036 1486 et
1067 1443 1299 1502 praeclara
1325 1443 1534 1501 virtute,

503 1529 551 1563 et
572 1517 724 1562 forma
739 1551 753 1573 ‚
786 1527 833 1562 et
865 1515 1007 1561 factis.

246 1589 427 1654 Ecquis
461 1591 648 1655 dignior
673 1589 791 1648 fuit3
820 1590 970 1636 horno
995 1588 1082 1650 qui
1105 1589 1251 1634 esset?

572 1690 601 1723 P
638 1691 674 1723 A
709 1691 739 1723 L
776 1689 810 1721 A
848 1689 878 1721 E
916 1687 938 1720 S
976 1687 1007 1719 T
1044 1688 1077 1721 R
1113 1687 1133 1720 Ῑ
1172 1687 1222 1720 Ο.

722 1760 836 1805 Non
854 1759 1011 1803 hercle
1038 1758 1307 1803 humanum
1322 1759 1377 1804 ’st
1397 1774 1528 1821 ergo:

246 1833 372 1881 Nam
396 1834 605 1881 volturio
634 1835 741 1894 plus
762 1831 962 1878 humani
990 1830 1131 1875 credo
1160 1842 1239 1876 est.

439 1928 1347 1967 PYRGOPOLINIGES.

931 2055 933 2058 r
1002 1995 1235 2059 Magnum
1263 2013 1342 2042 me
1366 1995 1534 2045 faciam

245 2066 389 2114 Nunc
404 2102 420 2126 ,
447 2067 679 2131 quoniam
709 2067 842 2115 illaec
870 2077 949 2115 trie
972 2069 1240 2115 conlaudat.

571 2163 600 2196 P
639 2163 675 2197 A
711 2165 741 2197 L
778 2163 812 2196 A
848 2165 878 2198 E
917 2166 939 2199 S
977 2166 1008 2199 T
1045 2167 1078 2200 R
1114 2168 1134 2200 I
1172 2169 1220 2201 Ο.

651 2230 823 2279 Viden'
848 2235 1073 2299 ignavum
1088 2271 1101 2294 ‚
1127 2249 1183 2283 ut
1208 2255 1302 2285 sese
1330 2238 1524 2286 inferat!

245 2302 383 2376 Quin
413 2314 468 2351 tu
505 2304 619 2350 huic
649 2307 914 2367 responde?
943 2310 1058 2356 haec
1088 2310 1221 2359 illaec
1256 2323 1323 2358 est
1352 2307 1417 2358 ab¹
1445 2311 1524 2357 illa

496 2392 644 2441 quam
675 2378 877 2426 dudum.
