1618 2866
208 199 301 246 574
673 182 710 226 P
746 182 783 228 E
816 181 859 228 R
892 181 923 229 S
956 182 1010 230 A.
1045 196 1049 199 ’
1110 196 1124 207 “
1191 215 1195 218 >
1365 202 1498 252 v.-13,·

204 291 283 339 Ne
303 290 420 337 mihi
440 290 625 335 incocta
652 290 784 336 detis.

629 376 652 410 s
688 376 724 409 A
760 375 791 409 ‘r
828 375 863 408 U
900 377 934 410 R
969 377 990 410 1
1027 377 1078 411 o.
1129 413 1132 420 ,

803 437 925 483 Rem
955 438 1171 498 loquitur
1202 454 1390 488 meram.

204 488 336 559 Nihil
358 521 468 556 sunt
495 508 697 566 crudae,
729 509 817 555 nisi
851 526 964 571 quas
989 511 1203 558 madidas
1236 514 1412 576 glutias.

204 587 338 632 Tum
365 585 453 630 nisi
479 599 689 629 cremore
715 598 859 628 crasso
890 594 957 629 est
982 585 1061 647 jus
1088 586 1392 650 collyricum3

205 658 342 705 Nihil
367 668 434 703 est
451 672 662 702 macrum
683 655 831 713 illud,
852 657 1147 717 epicrocum,
1170 655 1486 720 pellucidum:

201 731 392 801 Quasi
373 744 558 795 juream
590 745 681 776 esse
698 730 776 792 jus
811 729 950 774 decet
977 731 1267 792 collyricum.

204 804 333 851 Nolo
350 840 364 862 ‚
395 806 445 850 in
472 804 673 850 vesicam
699 801 836 863 quod
873 814 974 860 eat,
1008 804 1059 849 in
1086 817 1302 853 ventrem
1327 809 1453 854 volo.

622 900 653 933 T
692 899 724 932 o
764 900 800 934 x
835 901 856 934 1
891 901 922 934 L
964 901 1000 933 U
1036 901 1073 935 s.
1134 912 1138 918 ·
1209 890 1213 891 ⁷

204 961 359 1023 Prope
389 977 467 1007 me
496 961 571 1006 hic
599 960 753 1006 nescio
788 961 892 1020 quis
921 962 1142 1022 loquitur.

628 1053 651 1087 S
687 1053 723 1086 A
761 1054 792 1087 T
829 1056 863 1087 U
898 1056 933 1089 R
966 1055 988 1088 1
1027 1056 1072 1089 O.
1469 1094 1471 1097 ¹

1109 1108 1158 1155 o
1185 1108 1254 1155 mi
1272 1096 1499 1172 Juppiter'

214 1181 458 1228 Terrestris
475 1215 491 1239 ,
517 1192 565 1227 te
593 1180 885 1242 coepulonus
914 1182 1150 1243 conpellat
1175 1192 1298 1229 tuus.
1430 1208 1438 1228 κ
1504 1210 1507 1211 ⁷

636 1274 667 1306 ‘r
704 1274 736 1306 o
773 1274 810 1306 x
844 1273 864 1305 1
899 1272 930 1305 L
968 1273 1003 1305 U
1039 1273 1076 1307 s.

208 1334 260 1380 O
294 1333 505 1391 Saturio,
542 1345 810 1395 opportune
837 1331 1067 1378 advenisti
1091 1333 1220 1386 mihi.

634 1419 656 1452 s
693 1420 727 1452 A
767 1420 796 1451 :r
836 1419 868 1450 U
904 1421 937 1452 R
973 1421 993 1451 1
1030 1420 1075 1452 o.

210 1480 520 1528 Mendacium
550 1480 722 1541 edepol
751 1478 891 1536 dicis,
914 1490 1057 1539 atque
1091 1480 1221 1526 haud
1250 1492 1298 1527 te
1331 1481 1487 1531 decet:

210 1553 336 1600 Nam
364 1553 527 1600 Esurio
552 1553 692 1599 venio
708 1587 722 1610 ‚
756 1568 855 1598 non
884 1552 1086 1598 advenio
1110 1551 1304 1599 Saturio.

634 1638 664 1670 Τ
698 1637 730 1670 o
766 1637 802 1670 x
837 1637 858 1668 1
893 1637 924 1670 L
959 1636 995 1669 U
1032 1638 1067 1672 s.
1421 1672 1425 1674 .

211 1699 279 1747 At
312 1699 434 1745 edes.
472 1715 583 1744 nam
608 1699 709 1762 jam
744 1698 868 1743 intus
895 1699 1066 1744 ventris
1083 1698 1270 1747 firmant
1295 1698 1460 1748 focula.

214 1772 427 1819 calefieri
447 1773 559 1835 jussi
591 1771 818 1832 reliquias.
1454 1761 1460 1765 ⁹

631 1858 653 1891 s
690 1859 723 1890 A
763 1858 794 1890 Τ
830 1857 865 1890 U
901 1859 934 1891 R
969 1858 989 1890 1
1029 1859 1076 1891 o.

851 1914 1067 1964 Pernam'
1083 1920 1281 1980 quidem

208 1991 293 2053 Jus
321 2002 390 2037 est
415 1986 591 2053 apponi
613 1989 829 2053 frigidam
856 1990 1091 2050 postridie.

591 2115 596 2120 ,
629 2077 660 2111 Τ
697 2078 731 2111 Ο
767 2078 804 2111 Χ
837 2077 857 2109 Ι
891 2076 922 2109 L
958 2076 993 2109 U
1031 2075 1067 2110 S.

215 2131 287 2178 Ita
308 2132 406 2178 fieri
429 2130 556 2196 Jussi.

636 2206 660 2240 s
695 2206 729 2240 A
765 2208 796 2241 Τ
832 2206 867 2239 U
903 2207 937 2240 R
970 2206 991 2239 1
1027 2207 1072 2240 o.

598 2269 787 2333 Ecquid
815 2267 983 2314 alecis?

637 2363 668 2397 Τ
705 2363 737 2397 o
773 2363 811 2405 x
844 2362 868 2401 1
900 2361 933 2396 L
967 2361 1002 2396 U
1038 2361 1082 2395 s.>
1174 2357 1192 2379 ·

1018 2420 1334 2485 Vah!rogas?
1408 2472 1410 2474 ,
