1618 2866
82 222 246 278 ,μί
418 198 714 250 AcTus
770 198 807 243 1.
861 195 967 244 sc.
1023 194 1104 243 11.
1300 207 1392 252 473

123 314 214 361 Pro
237 309 319 358 Dii
340 308 636 363 inmortales,
670 306 862 352 obsecro
893 314 1095 350 vostram
1122 299 1268 347 fidem
1284 333 1298 355 ‚

124 381 305 437 facite,
321 380 417 425 huc
435 390 490 424 ut
508 378 666 424 redeat
686 388 844 439 noster
862 373 1216 436 quamprimum
1234 385 1396 426 senex,

123 452 408 499 Triennium
426 451 511 511 qui
521 451 620 513 jam
642 450 752 495 hinc
773 448 923 498 abest;
939 447 1218 527 priusquam
1237 443 1398 489 omnia

124 525 338 581 Periere,
371 535 418 570 et
439 523 600 579 aedis,
631 533 678 568 et
705 537 832 586 ager:
866 520 952 580 qui
980 518 1066 563 nisi
1095 518 1191 562 huc
1216 514 1364 571 redit,

127 598 395 644 Paucorum
427 594 663 640 mensium
693 603 804 638 sunt
834 591 1019 637 relictae
1048 588 1287 649 reliquiae.

129 670 273 715 Nunc
298 685 375 714 rus
402 668 557 713 abibo.
593 681 705 712 nam
739 681 904 710 eccum
934 662 1131 708 herilem
1163 660 1318 705 filium

130 741 286 794 Video
316 749 606 801 conruptum
631 738 709 783 hic
740 753 799 782 ex
827 735 1125 782 adulescente
1149 743 1368 793 optumo.

490 867 875 914 SCENA
957 867 1054 913 II.

422 1001 1121 1049 PHILOLACHES.

128 1059 616 1171 RECORDATUS
655 1123 868 1167 multum
900 1131 947 1166 et
978 1121 1062 1166 diu
1091 1120 1316 1184 cogitavi,

127 1193 516 1257 Argumentaque
543 1194 593 1238 in
627 1205 791 1254 pectus
820 1195 972 1239 multa
998 1194 1180 1257 institui

129 1266 257 1330 Ego:
284 1278 428 1326 atque
455 1267 505 1311 in
532 1283 642 1311 meo
670 1267 837 1323 corde,
862 1267 896 1312 si
924 1278 989 1312 est
1009 1267 1146 1327 quod
1163 1267 1282 1312 mihi
1302 1282 1403 1321 cor,

133 1339 250 1385 Eam
277 1356 377 1385 rem
403 1340 644 1396 volutavi,
679 1352 725 1385 et
751 1340 834 1385 diu
859 1339 1119 1400 disputavi,

133 1411 399 1458 Hominem
427 1414 598 1476 quojus
627 1414 718 1470 rei,
758 1414 953 1474 quando
983 1425 1118 1458 natus
1146 1425 1211 1458 est
1229 1447 1244 1469 ‚

138 1483 350 1530 Similem
382 1501 472 1529 esse
503 1485 766 1541 arbitrarer,
798 1485 1196 1544 simulacrumque
1223 1484 1407 1529 habere.

136 1557 196 1602 Id
223 1550 371 1622 reperi
400 1558 499 1621 jam
535 1559 824 1618 exemplum.

136 1630 381 1693 Novarum
412 1631 602 1676 aedium
637 1647 727 1675 esse
756 1630 950 1676 arbitror
976 1629 1174 1678 similem
1208 1644 1294 1691 ego
1326 1627 1413 1671 ho-

385 1717 591 1756 minem,

141 1773 356 1842 Quando
385 1773 459 1818 hic
484 1784 618 1818 natus
646 1784 725 1818 est.
754 1774 795 1819 ei
822 1774 885 1818 rei
909 1784 1182 1837 argumenta
1210 1771 1378 1817 dicam.

143 1844 305 1906 Atque
340 1846 432 1890 hoc
462 1845 592 1890 haud
619 1845 807 1890 videtur
836 1846 1082 1891 verisimile
1110 1845 1271 1892 vobis:

142 1915 207 1961 At
236 1933 322 1980 ego
348 1917 399 1962 id
430 1917 709 1963 faciamvesse
735 1918 799 1962 ita
830 1929 884 1963 ut
913 1918 1117 1963 credatis.

144 1985 360 2033 Profecto
389 1989 452 2033 ita
484 2005 601 2044 esse,
626 1999 680 2033 ut
710 1989 928 2049 praedico
943 2024 956 2045 ,
981 2006 1095 2036 vero
1120 1989 1321 2034 vincam.

141 2058 300 2118 Atque
328 2060 420 2107 hoc
449 2061 721 2122 vosmetipsi
749 2062 841 2107 scio
858 2096 872 2118 ‚

142 2129 344 2176 Proinde
371 2134 442 2178 uti
475 2150 604 2180 nunc
630 2151 717 2197 ego
748 2152 840 2180 esse
872 2145 1098 2191 autumo,
1125 2133 1321 2194 quando

143 2203 286 2250 Dicta
312 2206 506 2252 audietis
542 2224 673 2263 mea,
709 2208 836 2253 haud
862 2208 998 2253 aliter·
1019 2208 1069 2252 id
1096 2207 1283 2259 dicetis.⁷

143 2275 415 2322 Auscultate
432 2311 445 2333 ,
471 2290 744 2341 argumenta
776 2279 895 2324 dum
921 2279 1028 2324 dico
1060 2280 1119 2324 ad
1146 2281 1237 2324 han
1282 2295 1413 2323 rem:

145 2347 299 2394 Simul
326 2350 546 2412 gnarures
569 2368 651 2397 vos
678 2353 791 2398 volo
822 2360 921 2397 esse
933 2353 1054 2398 hanc
1078 2369 1178 2398 rem
1208 2343 1415 2397 mecum.

146 2420 296 2468 Aedes
327 2437 479 2481 quom
504 2425 744 2483 extemplo
774 2435 886 2470 sunt
904 2436 1086 2485 paratae
1102 2457 1115 2479 ,
1153 2421 1386 2482 expolitae
1402 2455 1423 2489 ².
