1618 2866
42 179 176 228 v.14
361 164 658 213 ACTUS
708 165 768 213 V.
819 160 923 214 SC.
972 168 1045 215 ΙΙ.
1237 183 1326 230 205

47 272 228 321 Verum
258 274 616 336 propemodum
642 274 744 338 jam
771 274 866 321 scio
886 309 901 332 ,
933 275 1054 336 quid
1080 275 1166 322 siet
1191 277 1272 322 rei.

46 345 204 392 Credo
238 361 351 393 cum
383 346 486 392 viro
521 346 731 410 litigium
763 358 933 394 natum
968 364 1060 394 esse
1086 348 1299 411 aliquod.

46 419 120 465 Ita
144 419 283 466 istaec
315 420 499 477 solent,
525 435 651 480 quae
679 420 803 466 viros
833 420 1093 468 subservire

47 490 150 539 Sibi
174 493 449 554 postulant,
481 491 595 537 dote
626 491 771 538 fretae
790 491 1026 550 ,‘feroces.

47 564 111 611 Et
139 565 208 610 illi
235 582 437 627 quoque
467 564 599 610 haud
625 564 866 610 abstinent
896 581 1033 627 saepe
1061 567 1217 626 culpa.

50 635 235 684 Verum
263 631 339 684 ‘est
364 636 539 683 modus
568 646 731 683 tamen
750 671 766 695 ,
805 638 970 699 quoad
1003 641 1104 700 pati
1136 654 1339 686 uxorem

304 720 507 772 oportet.

52 784 154 830 Nec
175 784 262 850 pol
293 783 387 828 filia
416 798 651 844 umquam
680 794 866 844 patrem
900 783 1083 829 arcessit
1111 783 1173 829 ad
1197 801 1275 843 se,

47 857 155 903 Nisi
183 867 268 904 aut
288 856 411 918 quid
437 857 685 915 conmissi,
712 869 796 904 aut
813 858 943 922 jurgi
972 868 1039 904 est
1070 874 1238 904 caussa.

19 931 23 933 ’
53 930 150 978 Sed
174 930 420 993 quidquid
458 930 510 976 id
548 942 646 988 est,
675 931 778 995 jam
806 931 961 977 sciam.
1002 941 1151 992 atque
1183 948 1344 978 eccam

313 1020 502 1065 eampse

55 1077 184 1126 Ante
213 1079 370 1135 aediS,
400 1091 448 1124 et
483 1078 582 1141 ejus
607 1076 790 1124 tristem
817 1078 977 1126 virum
1006 1076 1164 1124 video.

56 1149 117 1195 Id
147 1160 243 1206 est,
275 1148 415 1209 quod
441 1146 716 1208 suspicabar.

58 1221 326 1283 Appellabo
347 1222 485 1268 hanc.

505 1327 548 1359 M
584 1325 620 1358 U
654 1323 686 1356 1.
721 1324 743 1356 1
778 1323 809 1356 Ε
845 1325 893 1357 R.

262 1396 354 1442 Ibo
382 1395 647 1443 advorsum.
677 1393 801 1439 salve
831 1394 1071 1452 multum,
1098 1392 1168 1439 mi
1193 1404 1340 1454 pater.

549 1497 861 1533 SENEX.

63 1571 199 1620 Salva
223 1572 293 1618 sis.
321 1572 492 1618 salven’
518 1566 759 1616 advenio?
786 1565 957 1611 salven'
981 1563 1143 1609 arcessi
1162 1563 1344 1627 jubes?

65 1645 202 1716 Quid
231 1656 289 1692 tu
317 1645 455 1691 tristis
491 1643 573 1689 es?
615 1639 739 1702 quid
767 1639 846 1684 ille
873 1648 1037 1683 autem
1068 1637 1149 1682 abs
1178 1648 1227 1682 te
1261 1637 1351 1682 ira-

317 1729 394 1765 tus
421 1714 639 1763 destitit?

65 1789 235 1838 Nescio
259 1790 381 1852 quid
408 1806 492 1836 vos
520 1787 703 1835 velitati
738 1785 843 1831 estis
874 1785 997 1830 inter
1025 1798 1111 1829 vos
1139 1781 1274 1827 duos.

68 1862 318 1928 Loquere,
358 1875 464 1910 uter
501 1860 733 1908 meruistis
769 1861 992 1921 culpam,
1026 1857 1211 1919 paucis:
1248 1871 1352 1902 non

319 1937 487 2000 longos
514 1935 661 1998 logos.

516 2042 559 2074 M
598 2040 634 2073 U
670 2040 702 2073 1.
735 2039 757 2072 1
791 2040 822 2073 E
857 2041 906 2074 R.

76 2109 326 2194 Nusquam
354 2111 583 2172 equidem
609 2110 880 2171 quidquam
904 2109 1110 2169 deliqui:
1143 2109 1240 2154 hoc
1263 2107 1357 2168 pri-

326 2199 465 2229 mum
490 2195 541 2230 te
571 2183 795 2240 absolvo,
826 2194 974 2244 pater.

76 2256 262 2305 Verum
297 2257 454 2302 vivere
484 2258 562 2303 hic
596 2273 700 2303 non
733 2273 956 2318 possum,
994 2271 1157 2318 neque
1191 2253 1358 2300 durare

336 2329 437 2374 ullo
465 2329 628 2375 modo.

79 2402 223 2449 Proin
254 2401 311 2446 'tu
347 2415 427 2445 me
454 2400 566 2446 hinc
594 2401 809 2448 abducas.
