1618 2866
288 168 381 216 402
513 147 770 198 MILES
811 148 1304 199 GLORIOSUS.
1403 163 1574 202 καροῖ

450 273 1430 310 PERIPLECTOMENES.

1378 337 1540 384 Audio
1555 354 1574 390 ,τ

286 403 359 449 Ne
385 417 463 447 me
490 398 688 446 suxdum
713 397 922 445 verbeta.
1355 423 1358 425 -

608 491 637 524 1³
676 490 712 524 A
746 491 777 524 L
814 491 850 523 A
885 490 916 522 E
953 489 976 523 S
1013 489 1045 523 Τ
1079 491 1114 524 R
1147 491 1170 524 1
1205 491 1254 525 O.

839 552 918 597 Tu
941 551 977 597 si
1009 552 1165 610 audis,
1191 569 1279 618 ego
1309 564 1436 601 recte
1457 557 1574 604 meis

282 631 451 678 Dabo:
472 646 498 675 a
514 640 596 675 tua
611 628 730 674 mihi
745 644 896 674 uxore
918 628 1072 674 dicam
1091 628 1303 676 delatum
1320 641 1368 676 et
1387 630 1574 690 datum,

282 704 349 751 Ut
386 720 480 749 sese
517 702 577 748 ad
609 719 722 747 eum
756 701 1068 747 conciliarem.
1106 702 1198 748 ille*
1215 702 1447 750 eiusmodi
1477 715 1574 757 est;

543 775 705 836 cupiet
732 774 883 820 miser.
1417 828 1419 830 ῃ

286 850 389 922 Qui
408 884 421 907 ,
437 849 527 898 nisi
551 847 782 893 adulterio
798 881 812 905 ,
830 846 1062 894 studiosus
1082 848 1150 894 rei
1173 849 1332 896 nullae
1349 852 1462 899 aliae
1482 862 1575 912 est,

535 919 780 982 inprobuS.

442 985 1422 1050 PERIPLECTOMENE⁰S.

284 1078 399 1125 Non
417 1076 579 1139 potuit
596 1075 798 1136 reperite
811 1108 824 1130 ‚
844 1072 881 1118 si
904 1072 991 1134 ipsi
1005 1073 1092 1119 soli
1112 1074 1399 1135 quaerendas
1417 1074 1571 1136 dares,

284 1152 562 1215 Lepidiores
588 1149 701 1194 duas
729 1148 790 1194 ad
811 1148 987 1193 hancce
1012 1164 1141 1205 rem,
1164 1164 1310 1209 quam
1327 1164 1430 1214 ego.
1459 1165 1569 1215 age:

533 1223 655 1268 habe
685 1221 901 1267 animum
935 1220 1138 1266 bonum.

604 1315 633 1348 P
671 1315 706 1347 A
742 1315 773 1347 L
808 1312 843 1345 A
878 1313 909 1345 E
949 1311 971 1346 S
1009 1311 1040 1344 T
1077 1314 1110 1346 R
1141 1312 1162 1345 I
1198 1312 1248 1346 Ο.

278 1378 402 1442 ΕΙςο
436 1386 650 1422 accurato
680 1384 727 1419 et
755 1383 1010 1434 properato
1045 1388 1147 1432 opu
1163 1372 1230 1419 'sn
1254 1387 1384 1419 nunc
1407 1381 1465 1419 tu
1489 1388 1569 1419 au-

532 1446 705 1503 sculta,
731 1444 983 1490 Pleusides.

637 1532 666 1565 P
705 1531 735 1564 L
771 1530 802 1563 E
841 1529 877 1562 U
914 1529 937 1563 S
972 1529 996 1561 1
1030 1530 1066 1562 D
1102 1530 1133 1563 Ε
1169 1530 1208 1563 8.

279 1595 393 1642 Tibi
421 1611 527 1640 sum
561 1591 801 1639 obediens.

607 1679 634 1711 P
676 1677 710 1709 A
745 1677 776 1709 L
812 1676 847 1708 A
883 1675 913 1708 E
951 1674 973 1708 S
1012 1675 1043 1707 T
1079 1674 1114 1708 R
1148 1673 1170 1706 Ῑ
1207 1673 1255 1707 O.

465 1731 574 1777 Hoc
594 1730 735 1775 facito
752 1748 761 1773 :
784 1728 919 1773 Miles
933 1762 946 1784 ‚
965 1727 1169 1773 domum
1190 1725 1277 1773 ubi
1296 1724 1567 1787 advenerit,

277 1805 547 1862 Memineris
559 1839 572 1862 ,
591 1819 652 1848 ne
670 1801 1066 1847 Philocomasium
1084 1800 1316 1846 nomines.

633 1898 661 1930 P
697 1897 728 1930 L
763 1897 793 1928 Ε
834 1896 868 1928 U
909 1895 932 1929 s
969 1896 990 1928 1
1025 1897 1061 1929 D
1096 1896 1126 1928 E
1167 1894 1206 1929 s.

1089 1956 1251 2024 Quam
1281 1951 1569 2008 nominem?

602 2044 631 2077 P
669 2043 703 2076 A
739 2044 769 2076 L
808 2042 842 2075 A
879 2043 908 2075 E
946 2041 968 2076 S
1007 2042 1038 2074 T
1073 2042 1107 2075 R
1143 2042 1163 2074 1
1201 2042 1248 2075 O.

277 2107 542 2172 Glyceram.
1117 2160 1122 2165 ἡ

633 2183 661 2215 Ρ
697 2182 727 2215 L
765 2182 795 2214 Ε
833 2180 867 2213 U
906 2180 928 2214 s
966 2180 986 2212 1
1023 2181 1057 2213 D
1094 2179 1123 2211 Ε
1164 2179 1201 2212 3.

336 2240 530 2307 Nempe
548 2242 763 2289 eamdem
776 2275 788 2298 ‚
812 2256 933 2301 quae
952 2239 1139 2284 dudum
1159 2238 1413 2286 constituta
1429 2237 1495 2284 ’st-

602 2335 1256 2372 PALAESTRIO.

1319 2389 1557 2440 Pax!abi.
