1618 2866
227 200 321 248 33⁴2
415 174 417 176 ¹
551 180 1148 236 MERCATOR.
1381 201 1515 252 v.41·

226 293 589 341 Consuetudine
622 294 807 340 animus
837 311 990 341 rursus
1021 306 1073 341 te
1100 296 1197 342 huc
1225 286 1436 343 inducet.

637 389 673 421 D
709 388 739 420 Ε
775 388 818 421 Μ
853 387 876 420 1
909 388 937 421 P
976 389 1010 421 Η
1046 389 1093 422 ο.

1269 442 1511 502 Obsecro,

222 509 340 557 Satis
362 512 464 576 jam
497 523 553 558 ut
584 513 805 558 habeatis.
841 513 963 574 quin
988 513 1097 558 loris
1127 512 1310 560 caedite
1339 515 1513 573 etiam,

481 586 518 630 si
543 586 692 631 lubet.

538 678 1197 720 LYSIMACHUSs

226 746 374 794 Recte
402 748 527 795 dIcis.
559 748 640 793 sed
662 749 782 795 istuc
802 765 924 794 uxor
946 749 1112 806 faciet,
1144 766 1298 810 unm
1324 749 1419 797 hoc
1447 766 1518 797 re·-

481 830 678 866 sciverit.

635 907 670 938 D
709 906 739 938 E
776 907 818 939 M
853 907 875 940 I
909 907 937 939 P
973 908 1007 941 H
1044 909 1093 942 O·

226 963 360 1011 Nihil
387 965 500 1025 opu'
521 975 562 1010 st
591 964 814 1010 resciscat.

619 1059 650 1091 Ε
686 1058 721 1090 U
757 1058 789 1091 'r
825 1059 859 1091 Y
896 1059 922 1091 c
962 1059 997 1091 H
1035 1058 1070 1091 U
1107 1059 1146 1093 s.

535 1116 673 1187 Quid
703 1117 858 1164 istuc?
889 1134 991 1164 non
1019 1119 1260 1176 resciscet,
1293 1135 1355 1166 ne
1386 1122 1513 1167 time

230 1191 406 1237 Eamus
433 1181 588 1247 iutro,
616 1207 718 1237 non
746 1191 923 1237 utibilis
949 1192 1026 1238 hic
1053 1193 1186 1238 locus
1208 1192 1338 1238 factis
1363 1194 1483 1251 tuis,

229 1263 366 1309 Dum
408 1281 762 1322 memoramuS,
796 1267 956 1313 arbitri
992 1278 1049 1313 ut
1082 1268 1175 1313 sint
1192 1301 1208 1326 ,
1251 1267 1338 1328 qui
1382 1285 1517 1329 prae-

491 1349 674 1383 tereant
702 1347 787 1399 per
812 1340 919 1385 vias.

642 1431 1098 1464 DEMIPHO.

233 1498 405 1544 Hercle
437 1498 556 1559 quin
591 1508 648 1544 tu
675 1509 803 1545 recte
841 1498 976 1544 dicis:
1015 1498 1181 1544 eadem
1216 1499 1405 1546 brevior
1433 1497 1518 1542 Fa-

293 1566 296 1569 ’
486 1572 601 1617 bula

234 1643 348 1690 Erit.
379 1661 551 1691 eamus.

626 1732 655 1764 Ε
692 1731 727 1764 U
766 1732 796 1764 T
833 1732 868 1764 Y
903 1732 930 1764 c
967 1731 1001 1764 Η
1036 1730 1071 1762 U
1107 1729 1146 1762 s.

564 1795 658 1842 Hic
691 1806 757 1841 est
782 1797 909 1842 intus
937 1797 1058 1842 filius
1086 1793 1215 1856 apud
1244 1810 1330 1840 nos
1359 1804 1482 1840 tuus.

244 1941 248 1944 ᾖ
645 1895 680 1927 D
720 1895 750 1927 Ε
787 1894 829 1926 Μ
863 1895 883 1928 1
919 1895 947 1928 P
984 1894 1018 1926 Η
1054 1894 1102 1926 ο.

239 1966 459 2027 Optume
478 1964 546 2009 ’st.
580 1964 684 2009 illac
699 1979 783 2024 per
810 1964 1005 2009 hortum
1021 1977 1108 2008 nos
1127 1960 1330 2008 domum
1357 1961 1520 2007 transi-

497 2037 669 2084 bimus.

278 2173 288 2182 ·
541 2131 572 2164 L
608 2131 642 2163 Y
679 2130 701 2163 s
738 2130 758 2162 1
798 2128 841 2161 M
877 2127 912 2160 A
947 2128 973 2160 c
1012 2128 1046 2160 Η
1083 2127 1119 2160 U
1154 2128 1194 2162 s.

239 2201 479 2264 Eutyche,
502 2201 624 2246 hanc
645 2199 758 2246 volo
777 2196 905 2258 ptius
923 2211 1025 2240 rem
1050 2196 1149 2259 agi,
1173 2212 1320 2257 quam
1344 2209 1510 2242 meum

496 2272 622 2317 intro
657 2269 806 2316 refero
832 2267 1022 2330 pedem.

626 2362 657 2396 E
694 2363 730 2396 U
767 2362 798 2397 Τ
834 2361 865 2393 Y
905 2360 931 2393 c
968 2359 1003 2392 Η
1038 2358 1073 2391 U
1110 2358 1147 2393 s.

243 2426 379 2497 Quid
402 2427 519 2473 istuc
551 2423 649 2471 est?
