1618 2866
245 188 338 240 39²
478 172 731 221 MrLEs
778 172 1268 224 GLoRlosus.
1403 177 1531 225 mes

245 283 447 344 Opusne
479 281 567 326 erit
600 279 701 326 tibi·
722 277 956 326 advocato
985 279 1130 340 tristi,
1157 278 1419 330 iracundo?
1453 299 1531 330 ec-

503 371 556 401 ce
586 371 678 400 me.

245 429 385 490 Opus
419 427 555 472 leni?
600 426 830 472 leniorem
867 425 991 473 dices
1014 461 1028 485 ,
1074 443 1222 490 quarn
1253 439 1449 476 mutum
1477 430 1532 474 ’st

499 517 653 546 mare:
1599 494 1602 499 ’

244 572 737 634 Liquidiusculusque
776 589 856 618 ero
875 607 889 632 ,
917 589 1062 634 quam
1089 582 1260 618 ventus
1292 582 1360 618 est
1385 571 1533 619 Favo-

499 662 619 693 nius.

244 718 338 766 Vel
371 718 720 766 hilarissumum
762 719 1016 767 convivam
1049 712 1415 764 hincindidem
1454 731 1534 762 ex-

498 810 718 855 promam
752 794 870 850 tibi,

244 864 337 912 Vel
375 863 656 927 primarium
689 866 944 928 parasitum
963 898 977 922 ,
1010 874 1156 925 atque
1194 863 1530 909 obsonatorem
1557 912 1561 915 ,

499 950 788 1000 optumum:

245 1012 379 1060 Tum
389 1012 451 1059 ad
463 1012 732 1059 saltandum
746 1028 849 1059 non
863 1010 1084 1059 cinaedus
1097 1012 1299 1057 malacus
1312 1025 1465 1070 aeque
1475 1009 1530 1054 ’st

502 1097 650 1147 atque
681 1102 785 1151 ego.

569 1170 598 1202 P
636 1169 671 1202 A
705 1170 736 1203 L
772 1170 807 1203 A
842 1170 871 1203 E
909 1169 931 1203 S
968 1170 999 1203 T
1035 1171 1069 1204 R
1104 1169 1124 1202 Ῑ
1161 1169 1209 1203 O.

245 1227 384 1297 Quid
400 1227 461 1274 ad
477 1227 574 1273 illas
596 1239 712 1274 artes
731 1227 920 1290 optassis
935 1262 949 1285 ,
982 1228 1019 1274 si
1045 1228 1180 1290 optio
1198 1227 1384 1274 eveniat
1405 1226 1529 1273 tibi?

614 1322 641 1354 P
678 1323 708 1354 L
744 1321 772 1353 Ε
811 1321 844 1353 U
882 1320 904 1353 s
942 1322 961 1353 1
997 1322 1032 1354 D
1068 1321 1098 1352 Ε
1133 1319 1171 1352 s.

243 1381 401 1447 Hujus
427 1400 515 1444 pro
545 1383 722 1428 meritis
753 1394 808 1427 ut
826 1382 985 1428 referri
1002 1382 1174 1443 pariter
1191 1384 1336 1444 possit
1358 1381 1526 1446 gratia:

245 1455 458 1517 Tibique
475 1490 489 1514 ‚
519 1455 696 1517 quibus
724 1470 856 1500 nunc
875 1471 954 1500 me
972 1471 1065 1500 esse
1084 1454 1299 1516 experior
1316 1463 1533 1500 summae

505 1520 807 1576 solicitudini.
1109 1568 1111 1570 ,

244 1602 311 1651 'At
330 1603 418 1651 tibi
437 1615 572 1650 tanto
597 1604 777 1650 sumtui
796 1620 888 1650 esse
908 1603 1031 1650 mihi
1054 1604 1309 1650 molestum
1327 1605 1395 1650 ’st.
1439 1606 1445 1611 ’

410 1696 1390 1731 PERIPLECTOMENES.

1276 1759 1439 1804 Morus
1467 1774 1526 1803 es.

234 1820 368 1872 xNam
397 1827 448 1872 in
485 1829 608 1873 mala
641 1844 789 1874 uxore
821 1840 966 1890 atque
997 1830 1191 1878 inimico
1223 1832 1259 1877 si
1290 1833 1411 1892 quid
1447 1818 1525 1878 su·-

503 1917 625 1956 mas,
651 1911 833 1946 sumtus
865 1912 956 1946 est:

243 1971 302 2018 In
319 1971 456 2018 bono
477 1971 663 2032 hospite
681 1982 827 2032 atque
845 1973 1020 2030 amico,
1039 1986 1257 2035 quaestus
1265 1985 1341 2027 ,est
1355 2008 1369 2031 ,
1388 1975 1524 2036 quod

497 2055 724 2090 sumitur:
768 2099 770 2101 ‚

241 2117 320 2175 Et,
336 2117 472 2178 quod
490 2116 540 2162 in
556 2117 726 2164 divinis
744 2118 883 2165 rebus
899 2135 1066 2177 sumas,
1087 2120 1282 2180 sapienti
1300 2123 1433 2169 lucro
1450 2123 1520 2169 ’st.

241 2190 406 2237 Deum
423 2191 599 2237 virtute
611 2225 625 2247 ,
642 2202 697 2236 ut
715 2189 1035 2239 transeuntem
1053 2195 1260 2256 hospitio
1277 2196 1521 2259 accipiam,

491 2264 622 2325 apud
645 2281 725 2311 me
749 2277 824 2326 est-
845 2267 1053 2313 comitas.
1415 2309 1420 2313 ,

241 2335 326 2394 Es,
343 2337 457 2384 bibe
470 2372 483 2395 ,
500 2338 661 2384 animo
687 2339 948 2400 obsequere
966 2359 1156 2410 mecum
1172 2378 1186 2402 ‚
1208 2355 1354 2406 atque
1374 2356 1517 2391 onera

490 2418 539 2458 te
566 2410 885 2464 hilaritudine.
