1618 2866
55 179 185 228 πμ
362 161 656 211 AcTus
701 162 760 211 v.
811 161 919 210 sc.
969 162 1053 210 11.
1254 175 1351 230 207

502 293 547 326 M
586 291 619 324 U
656 292 690 326 L
724 291 747 324 1
780 290 813 324 Ε
849 291 898 324 R.

55 356 220 420 Atque
251 354 321 401 ibi
348 364 499 417 potat.

547 447 570 480 s
607 447 638 480 Ε
674 446 710 480 N
744 446 775 479 Ε
811 446 864 480 x.

284 518 394 564 Tua
426 515 630 578 quidem
659 516 739 561 ille
771 531 925 561 caussa
950 515 1142 577 potabit
1167 517 1355 577 minus,

59 591 168 640 Sive
191 590 314 648 illic,
334 589 430 636 sive
452 588 564 634 alibi
589 585 798 632 libebit?
823 602 947 647 quae
974 587 1115 646 haec,
1143 590 1351 649 malum,

311 659 602 724 inpudentia
623 660 678 705 'st
691 659 714 705 ?

60 738 167 785 Una
194 754 336 800 opera
357 734 640 798 prohibere,
665 733 727 781 ad
750 750 953 781 coenam
985 750 1049 781 ne
1075 734 1352 798 promittat,

308 809 545 872 postules:

28 929 30 931 ,
56 885 191 934 Neve
217 899 518 946 quemquam
551 881 748 945 accipiat
765 882 978 928 alienum
1007 881 1139 944 apud
1165 894 1228 930 te.
1258 899 1351 931 ser-

308 956 459 1003 viren’
487 954 579 1001 tibi

55 1031 266 1078 Postulas
289 1028 444 1076 viros?
470 1027 579 1073 dare
607 1041 704 1072 una
724 1041 867 1086 opera
884 1041 1090 1087 pensum
1113 1027 1350 1088 postules,

34 1096 187 1153 vInter
215 1104 401 1151 ancillas
430 1100 590 1147 sedere
612 1098 780 1163 jubeas
796 1133 811 1155 ,
845 1099 1003 1145 lanam
1034 1115 1199 1146 carere.

508 1202 550 1234 M
584 1199 619 1232 U
652 1200 682 1232 1.
717 1199 739 1232 1
775 1198 805 1231 E
842 1199 891 1231 R.

56 1261 174 1308 Non
207 1260 436 1323 equ-idem
477 1259 598 1306 mihi
626 1270 675 1305 te
717 1258 1006 1305 advocatum
1022 1292 1038 1316 ,
1068 1269 1230 1320 pater,
1265 1259 1350 1306 ad-

315 1333 461 1390 duxi,
496 1331 579 1378 sed
612 1332 730 1378 vito.

58 1407 188 1454 Hinc
213 1418 300 1454 stas
313 1441 328 1465 ‚
354 1406 485 1452 illinc
515 1420 720 1452 caussam
747 1402 874 1449 dicis.

540 1504 563 1539 s
600 1506 631 1538 Ε
667 1506 701 1539 Ν
740 1505 771 1537 Ε
808 1505 860 1538 x.

634 1613 640 1628 ,
716 1573 766 1619 Si
797 1573 877 1618 ille
907 1572 1030 1633 quid
1061 1572 1348 1634 deliquerit,

57 1648 218 1696 Multo
241 1658 377 1694 tanto
401 1648 541 1695 illum
565 1645 795 1694 accusabo
812 1679 827 1703 ,
855 1662 1004 1706 quam
1027 1656 1076 1692 te
1105 1647 1346 1705 accusavi,

310 1720 527 1782 amplius.
1202 1731 1205 1732 ’

61 1785 286 1862 Ωιιειηᾱό
309 1804 358 1839 te
382 1804 593 1840 auratam
619 1804 668 1840 et
690 1793 908 1840 vestitam
924 1792 1055 1840 bene
1078 1793 1246 1842 habet:
1266 1808 1350 1840 an·-

226 1887 242 1903 τ
311 1866 462 1923 efflas,
490 1882 702 1927 penum,

59 1932 207 1984 Recte
222 1938 492 2000 praehibet:
517 1939 687 1986 melius
703 1955 864 1986 sanam
886 1950 979 1998 est,
997 1940 1197 2000 mulier,
1215 1954 1349 1988 men-

315 2022 417 2059 tem
442 2028 640 2058 sumere.

498 2114 541 2147 M
577 2113 614 2146 U
649 2113 681 2146 1.
716 2113 738 2145 1
773 2113 804 2146 E
839 2113 888 2146 R.

63 2173 131 2223 'At
156 2176 235 2222 ille
266 2180 471 2242 suppilat
504 2181 626 2227 mihi
658 2196 830 2226 aurum
861 2191 910 2227 et
941 2180 1119 2242 pallam
1152 2193 1214 2225 ex
1237 2177 1351 2224 arcis

315 2251 490 2297 modo:

65 2321 147 2369 Me
172 2319 401 2383 despoliat
415 2356 431 2379 ‚
464 2341 572 2370 mea
600 2336 879 2377 ornamenta
905 2327 1029 2375 clam
1049 2342 1131 2375 me
1156 2325 1219 2373 ad
1244 2338 1346 2372 me-

319 2394 503 2441 retrices
530 2390 721 2461 degerit.
