1618 2866
22 167 124 215 ἰδ
295 119 703 211 ᾸΟΤΠΞΙῙ.
757 160 863 209 SC.
914 162 1043 223 1‚11.
1211 163 1307 224 269

29 281 222 328 Bonum
252 296 374 341 quae
404 296 570 324 meum
603 277 859 339 conprimit
891 276 1173 323 consilium:

29 355 170 402 Miser
187 355 386 400 amicam
411 353 530 397 mihi
551 351 735 412 paravi,
756 350 902 396 animi
925 365 1102 407 caussa,
1126 351 1306 411 pretio,

27 428 172 475 Ratus
201 429 322 474 clam
352 438 535 487 patrem
563 441 729 470 meum
756 440 890 485 posse
923 423 1110 469 habere.

28 499 71 545 Is
95 499 280 544 rescivit
298 533 311 554 ,
346 509 394 543 et
422 496 572 552 vidit,
610 507 658 541 et
687 496 894 556 perdidit
923 513 1015 541 me.

28 571 232 632 Neque,
270 570 309 628 ἰῇ
332 585 487 630 quom
527 579 690 631 roget,
737 568 858 628 quid
891 569 1096 629 loquar,
1134 569 1310 633 cogita-

281 653 388 688 tum
409 641 489 691 ἐἰς

29 715 100 760 Ita
132 714 280 760 animi
307 713 472 759 decem
503 712 554 757 in
584 723 777 773 pectore
808 713 974 758 incerti
1010 723 1203 760 certant.

30 787 133 833 Nec
162 786 283 847 quid
306 785 449 831 corde
479 801 611 831 nunc
643 786 807 831 consili
843 802 1005 847 capere
1034 789 1211 847 possim

30 856 166 919 Scio,
196 867 352 902 tantus
379 872 491 901 cum
525 872 633 902 cura
657 872 768 901 meo
796 867 863 901 est
896 873 1021 902 error
1048 858 1224 904 animo.

29 929 166 976 Dum
183 929 308 975 ‘servi
338 929 432 974 mei
458 931 697 989 perplacet
727 930 846 974 mihi
877 931 1153 988 consilium,

30 1003 166 1051 Dum
198 1019 383 1048 rursum
411 1002 540 1046 haud
577 1003 756 1062 placet:
795 1018 884 1048 nec
919 1015 1051 1062 pater
1082 1004 1206 1065 potis
1237 1006 1310 1050 vi-

284 1072 422 1117 detur

34 1146 230 1203 Induci,
250 1158 306 1191 ut
319 1156 459 1206 putet
476 1145 614 1191 matri
628 1145 844 1191 ancillam
863 1158 1040 1191 emtam
1060 1163 1151 1192 esse
1166 1147 1308 1194 illam.

34 1219 179 1265 Nunc
210 1219 246 1263 si
279 1218 387 1271 dico
405 1252 418 1275 ,
447 1229 502 1263 ut
530 1235 599 1263 res
630 1221 724 1277 es't,
756 1230 902 1278 atque
930 1219 1058 1264 illam
1086 1221 1204 1266 mihi
1229 1238 1309 1266 me

34 1291 212 1338 Emisse
242 1290 403 1336 indico
423 1324 436 1347 ‚
459 1290 872 1351 quemadmodum
901 1291 1135 1337 existimet
1160 1309 1238 1338 me
1253 1294 1275 1336 ?

35 1363 198 1423 Atque
228 1363 361 1409 illam
391 1362 647 1420 abstrahat,
677 1374 801 1408 trans
833 1379 961 1408 mare
989 1365 1101 1410 hinc
1128 1382 1311 1414 venum

286 1449 502 1499 asportet.

36 1509 144 1557 Scio
171 1544 187 1568 ,
226 1526 382 1556 saevos
418 1526 566 1570 quam
602 1511 659 1556 sit
681 1545 695 1568 ,
750 1510 898 1557 domo
943 1511 1122 1558 doctuS.
1168 1514 1311 1576 igitur

286 1583 485 1629 hoccine
518 1595 585 1629 est

35 1656 237 1704 Amare?
260 1673 383 1703 arare
410 1658 658 1715 mavelim,
697 1674 845 1718 quam
872 1659 934 1705 sic
962 1677 1129 1705 amare.

0 1776 6 1788 k
32 1733 138 1791 jam
166 1732 279 1777 hinc
307 1731 422 1777 olim
451 1732 659 1778 invitum
688 1732 836 1778 domo
866 1734 1062 1779 extrusit
1079 1734 1155 1796 *ab
1185 1752 1309 1796 εεεερ

31 1804 302 1849 Mercatum
319 1804 455 1867 jussit
479 1805 568 1849 ire·
598 1804 667 1849 ibi
694 1804 787 1849 hoc
812 1806 992 1850 malum
1018 1796 1193 1853 inueni.
1223 1809 1310 1854 ubi

40 1876 351 1940 Voluptatem
393 1878 638 1942 aegritudo
682 1878 840 1925 vincat
858 1913 872 1936 ,
919 1880 1039 1940 quid
1084 1881 1154 1965 ibi
1191 1883 1311 1928 inest

491 1950 513 1982 ρ

35 1950 598 2081 Nequidqgffssididi'
623 2022 899 2069 abscondidi
913 2057 927 2080 ,
952 2023 1209 2070 abstrusam
1228 2025 1312 2070 ha-

44 2162 207 2209 Musca
235 2092 619 2280 εεῐιέῑῖἒιῑὲορειτεῐ
636 2201 650 2224 ,
685 2167 808 2212 nihil
832 2177 990 2228 potest
1022 2168 1143 2213 clam
1174 2153 1314 2213 ilium

333 2252 357 2279 a
394 2252 470 2281 en.

45 2305 146 2352 Nec
171 2321 380 2362 sacrum,
406 2323 495 2355 nec
521 2321 619 2356 tam
642 2310 898 2372 profanum
926 2310 1194 2371 quidquam
1222 2319 1312 2366 est,

298 2393 416 2437 qum
