1618 2866
194 215 281 274 148

363 398 1296 494 PROLOGUS.

184 562 493 674 SALUTEM
526 622 739 684 primum
766 622 867 687 jam
900 640 926 669 a
947 625 1184 687 principio
1211 630 1466 693 propitiam

185 699 342 755 Mihi,
370 708 516 757 atque
542 695 703 752 vobiS,
733 706 1038 756 spectatores,
1067 700 1260 748 nuntio.

183 773 404 834 Apporto
435 768 571 816 vobis
599 769 826 815 Plautum
852 769 1046 852 lingua,
1077 784 1181 819 non
1207 792 1381 824 manu:

182 849 403 918 Quaeso,
430 856 487 891 ut
514 844 730 908 benignis
756 843 988 905 accipiatis
1009 846 1211 894 auribus.

180 922 326 968 Nunc
353 929 692 984 argumentum
708 917 934 980 accipite,
959 929 1105 981 atque
1136 938 1352 973 ammum
1382 926 1466 972 ad-

434 992 625 1040 vortite.

182 1067 351 1136 Quam·
375 1075 546 1127 potero
577 1063 627 1111 in
655 1063 798 1110 verba
821 1061 1062 1110 conferam
1081 1067 1387 1127 paucissuma.

181 1139 349 1199 Atque
377 1138 470 1183 hoc
495 1137 668 1182 Poetae
699 1135 880 1181 faciunt
907 1136 958 1181 in
985 1136 1270 1205 Comoediis.

182 1211 354 1257 Omnis
375 1227 444 1256 res
477 1220 622 1274 gestas
655 1224 747 1254 esse
773 1207 972 1254 Athenis
1003 1202 1282 1272 autumant,

181 1286 298 1355 Quo
329 1284 465 1331 vobis
498 1282 621 1328 illud
646 1282 882 1328 Graecum
901 1282 1120 1331 videatur
1141 1287 1301 1351 magis,

181 1358 285 1421 Ego
318 1373 558 1417 nusquam
591 1354 768 1412 dicam,
803 1355 890 1400 nisi
915 1356 999 1401 ubi
1031 1356 1212 1404 factum
1246 1358 1447 1415 dicitur,
1478 1353 1481 1354 ⁷

179 1430 344 1491 Atque
367 1429 486 1475 adeo
518 1430 611 1474 hoc
637 1438 974 1492 argumentum
995 1428 1272 1490 Graecissat,
1300 1437 1462 1480 tamen

177 1503 294 1550 Non
317 1502 550 1548 Atticissat
567 1535 580 1558 ,
609 1516 779 1547 verum
798 1499 1107 1548 Sicilicissitat.

180 1577 310 1623 Huic
333 1585 614 1639 argumento
647 1573 941 1637 antelog1um
970 1574 1170 1635 quidem
1194 1577 1287 1622 hoc
1321 1577 1450 1626 fuit..

178 1650 324 1696 Nunc
348 1657 686 1712 argumentum
711 1646 847 1693 vobis
879 1646 1162 1694 demensum
1187 1648 1312 1695 dabo
1331 1685 1346 1707 ,

178 1725 294 1771 Non
312 1722 478 1769 modio
493 1756 506 1777 ,
521 1737 682 1782 neque
700 1719 944 1777 trimodio,
959 1736 1128 1767 verum
1145 1721 1247 1784 ipso
1263 1723 1454 1771 horreo:

174 1799 336 1844 ‚Tanta
357 1796 418 1842 ad
437 1794 726 1841 narrandum
742 1803 1078 1858 argumentum
1093 1805 1160 1840 est
1177 1795 1453 1860 benignitas.

174 1873 412 1920 Mercator
444 1868 644 1929 quidam
673 1866 765 1912 fuit
794 1866 1025 1928 Syracusis
1055 1882 1226 1924 senex,

177 1945 236 1992 Ei
266 1953 377 1989 sunt
401 1941 500 1986 nati
529 1939 614 1994 filii
641 1938 819 2002 gemini
849 1938 975 1995 duo,

176 2017 249 2077 Ita
271 2015 422 2060 forma
441 2012 579 2057 simili
605 2011 777 2072 pueri,
807 2010 877 2056 uti
905 2021 1055 2057 mater
1081 2028 1161 2058 sua

174 2091 291 2137 Non
320 2089 573 2135 internosse
603 2097 785 2148 posset,
815 2103 938 2148 quae
960 2104 1218 2135 mammam
1249 2089 1415 2144 dabat;
1469 2110 1473 2113 ·

175 2163 350 2224 Neque
376 2161 496 2207 adeo
519 2171 668 2206 mater
696 2161 792 2222 ipsa
807 2195 821 2218 ‚
855 2177 977 2222 quae
1001 2161 1105 2207 illos
1126 2175 1397 2224 pepererat:

123 2288 127 2294 .
174 2235 242 2283 Ut
264 2234 464 2297 quidem
490 2234 568 2279 ille
598 2233 718 2279 dixit
744 2233 891 2291 mihi,
914 2234 999 2294 qui
1025 2251 1196 2296 pueros
1221 2236 1414 2283 viderat.
1437 2233 1443 2237 ’

170 2308 277 2373 Ego
293 2309 397 2354 illos
426 2324 526 2353 non
543 2306 668 2363 vidi,
699 2323 761 2352 ne
790 2306 893 2367 quis
920 2317 1134 2353 vostrum
1158 2320 1355 2356 censeat.
1395 2297 1400 2301 ’

172 2383 434 2444 Postquam
461 2383 562 2445 jam
588 2381 725 2443 pueri
749 2392 1031 2442 septuennes
1062 2393 1199 2440 sunt,
1234 2388 1370 2444 pater
1408 2407 1437 2428 ·.

174 2456 404 2505 Oneravit
430 2471 601 2503 navem
623 2471 844 2520 magnam
867 2457 1029 2503 multis
1053 2456 1299 2503 mercibus
