1618 2866
245 180 341 224 πω
573 144 1174 236 ΜΕΒΟΑΤΟΒ.
1397 174 1529 222 ww

242 272 320 318 Ibi
345 272 472 318 illico
502 271 632 318 adsit.
664 288 781 329 nec,
817 273 905 334 qui
942 273 1084 320 rebus
1114 275 1231 321 meis

242 346 498 392 Confidam
518 379 532 402 ‚
562 345 682 390 mihi
709 346 807 391 ulla
835 362 936 407 spes
968 346 1021 392 in
1051 346 1194 394 corde
1222 357 1347 395 certa
1381 359 1462 395 est.

659 448 695 480 D
734 447 764 479 Ε
801 446 843 478 Μ
879 446 899 478 1
938 446 966 479 P
1003 445 1037 477 Η
1073 446 1121 479 ο.

241 511 378 582 Quid
423 513 537 559 illuc
582 523 649 558 est
671 546 685 570 ,
735 512 873 573 quod
898 513 1040 558 -solus
1078 529 1242 561 secum
1288 513 1526 563 fabulatur

497 588 657 634 filius?

241 653 479 706 Sollicitus
502 660 645 717 mihi,
677 659 836 716 nescio
863 676 1036 720 quare,
1064 660 1268 709 videtur.

636 759 1151 794 CHARINUS.

1243 812 1432 860 Attate!

239 887 376 934 Meus
407 897 540 948 pater
569 885 647 930 hic
681 885 883 946 quidem
915 896 1015 942 est,
1048 901 1198 946 quem
1230 885 1388 932 video.
1416 886 1528 945 ibo,

497 960 724 1019 alloquar.
762 959 885 1020 quid
916 959 998 1016 fit,
1032 958 1203 1020 pater?

654 1055 690 1086 D
729 1053 758 1086 E
796 1055 838 1087 M
874 1054 895 1087 Ι
932 1055 959 1087 P
997 1053 1032 1086 H
1069 1053 1117 1086 O.
1152 1023 1162 1039 Ι

241 1110 383 1170 Uinde
413 1122 619 1180 incedis,
647 1122 769 1184 quid
802 1122 1017 1181 festinas,
1053 1133 1193 1187 gnate
1227 1121 1334 1170 mi?

634 1223 660 1254 c
697 1222 731 1255 Η
767 1222 802 1254 Α
841 1223 932 1255 R·1
966 1223 999 1255 N
1036 1222 1071 1254 U
1108 1223 1147 1257 s.
1515 1270 1519 1272 Y

1180 1275 1327 1322 Recte
1341 1309 1355 1334 ,
1380 1286 1527 1338 pater.

650 1360 687 1391 D
722 1359 751 1390 E
789 1359 832 1391 M
870 1360 892 1391 1
931 1360 959 1392 P
996 1360 1029 1391 H
1065 1360 1114 1393 o.
1518 1358 1520 1360 ’

242 1431 314 1477 Ita
341 1429 470 1476 volo
506 1428 587 1473 sed
613 1428 731 1472 istuc
755 1428 875 1488 quid
911 1439 1004 1485 est,
1035 1429 1125 1475 tibi
1157 1429 1298 1491 quod
1325 1422 1530 1477 conmuss·

495 1514 599 1549 tatu
616 1502 670 1546 st
702 1501 869 1553 color?

241 1573 501 1637 Numquid
537 1572 625 1618 tibi
659 1571 826 1618 dolet?

631 1672 658 1704 G
696 1671 729 1704 H
767 1670 801 1703 A
838 1671 871 1704 R
907 1671 927 1704 I
962 1671 996 1704 N
1032 1670 1068 1704 U
1105 1671 1144 1705 S.

424 1733 593 1778 Nescio
623 1732 745 1794 quid
772 1749 883 1778 meo
910 1733 1070 1778 animo
1094 1743 1160 1778 est
1188 1748 1346 1796 aegre,
1379 1744 1526 1794 pater.

241 1809 407 1856 Postea
437 1809 524 1853 hac
552 1818 695 1852 nocte
725 1822 827 1851 non
870 1806 1034 1867 quievi
1063 1806 1165 1851 satis
1199 1822 1306 1851 mea
1335 1822 1396 1852 ex
1423 1823 1528 1853 sen·-

501 1891 663 1926 teutla-

650 1975 1109 2009 DEMIPHO.

241 2040 331 2087 Per
361 2055 489 2087 mare
520 2049 577 2084 ut
603 2048 765 2084 vectus
781 2060 805 2094 ‚·
832 2053 964 2083 nunc
995 2036 1122 2084 oculi
1149 2048 1320 2084 terram
1350 2037 1549 2085 mirans

495 2123 573 2158 tur
600 2111 686 2157 tui.

629 2203 655 2235 c
692 2203 727 2236 Η
764 2203 798 2235 Α
834 2204 869 2237 R
904 2203 924 2235 1
962 2204 996 2237 N
1033 2202 1069 2235 U
1106 2202 1144 2236 s.

241 2266 387 2332 Magis
421 2265 606 2327 opinor.

647 2351 683 2382 D
721 2350 751 2382 Ε
788 2348 830 2382 M
864 2349 885 2382 1
920 2349 948 2382 P
985 2349 1018 2381 H
1055 2349 1102 2382 o.

375 2419 434 2465 Id
458 2429 525 2466 est
542 2416 781 2480 profecto:
808 2432 978 2462 verum
1003 2427 1219 2463 actutum
1244 2412 1516 2462 abscesserit.

1610 1431 1618 1492 ’4
