1618 2866
232 195 327 258 396
457 189 713 239 MILES
758 191 1267 241 GLORIOSUS.
1355 195 1521 244 v.126

244 364 247 366 .
557 316 585 348 P
621 315 656 348 A
691 315 723 348 L
757 314 791 346 A
828 314 858 347 E
897 314 919 348 s
957 315 988 347 Τ
1024 316 1058 348 n
1094 316 1113 348 1
1151 316 1200 349 0.

232 378 360 425 Huic
391 376 579 422 homini
610 375 811 439 dignum
830 376 884 421 ’st
913 375 1094 422 divitias
1119 393 1242 435 esse,
1275 389 1323 424 et
1342 377 1426 425 diu
1445 379 1518 426 vi-

484 459 583 494 tam
611 448 740 506 dari,

231 523 335 593 Qui
362 533 410 568 et
437 539 539 568 rem
566 534 746 580 servat,
777 534 824 569 et
857 524 940 584 qui
968 522 1092 569 bene
1120 522 1292 582 habet,
1325 524 1514 585 suisque

485 596 644 642 amicis
674 606 740 641 est
769 597 935 658 volup.

593 691 1195 726 PLEUSIDES.>

234 753 282 798 O
311 750 527 813 lepidum
560 750 730 811 caput!
762 750 827 796 ita
851 767 931 796 me
961 751 1044 797 Dii
1068 753 1299 814 Deaeque
1327 762 1491 799 ament
1503 751 1530 810 ,‘

490 839 699 882 aequom
726 821 816 868 fuit

233 897 363 944 Deos
396 896 650 957 paravisse,
689 911 791 941 uno
830 899 1052 958 exemplo
1082 914 1145 944 ne
1174 915 1341 945 omnes
1369 900 1519 946 vitam

489 979 704 1015 Viverent
723 988 756 1014 :⁷

235 1041 386 1089 Sicuti
419 1041 568 1088 merci
595 1042 806 1102 pretium
838 1042 1006 1100 statui,
1035 1059 1124 1104 pro
1152 1043 1326 1091 virtute
1355 1056 1412 1091 ut
1438 1061 1522 1092 ved

494 1126 632 1160 neat:

236 1189 377 1258 Quae
408 1187 612 1248 inproba
649 1197 748 1244 est,
781 1202 870 1248 pro
914 1187 1078 1233 mercis
1111 1186 1230 1233 vitio
1267 1185 1523 1265 dominum

490 1260 646 1321 pretio
679 1271 923 1321 pauperet.

237 1334 414 1380 Itidem
426 1334 575 1380 Divos
593 1333 849 1393 dispertisse
867 1333 1013 1380 vitam
1030 1333 1294 1380 humanam
1311 1348 1522 1394 aequom

248 1452 253 1455 χ
498 1404 603 1450 fuit.
1401 1446 1408 1452 ,

239 1480 343 1550 Qui
369 1478 527 1540 lepide
558 1478 821 1542 ingeniatus
850 1487 991 1534 esset,
1026 1478 1175 1524 vitam
1206 1478 1524 1541 longinquam

247 1598 251 1601 Α
515 1550 705 1596 darent:

243 1625 348 1695 Qui
374 1623 566 1686 inprobi
596 1635 746 1669 essent
765 1634 812 1669 et
829 1623 1009 1669 scelesti
1027 1657 1040 1680 ,
1072 1622 1125 1668 iis
1145 1620 1407 1668 adimerent
1424 1621 1526 1667 ani-

494 1717 624 1745 mam
655 1710 765 1744 cito.

242 1772 290 1820 Si
316 1773 408 1818 hoc
437 1772 746 1832 paravissent,
776 1771 995 1817 homines
1016 1780 1165 1815 essent
1189 1770 1348 1816 minus
1374 1769 1518 1814 multi

499 1848 612 1893 mali
634 1881 648 1904 ,

242 1923 305 1971 Et
316 1923 474 1968 minus
488 1921 709 1966 audacter
725 1919 912 1964 scelesta
921 1916 1128 1962 facerent
1139 1915 1279 1961 facta:
1301 1925 1348 1960 et
1362 1925 1524 1975 postea

246 1995 352 2063 Qui
379 1987 520 2055 prebi
550 1992 767 2038 homines
801 2000 950 2035 essent
968 2023 982 2046 ,
1010 1999 1124 2034 esset
1153 1989 1222 2034 his
1248 2004 1434 2034 annona
1453 1988 1525 2035 vi-

501 2068 605 2113 lior.

409 2154 1382 2194 PERIPLECTOMENES.

247 2222 351 2292 Qui
383 2221 601 2266 Deorum
634 2218 824 2265 consilia
863 2218 1057 2278 culpet,
1102 2215 1271 2260 stultus
1307 2212 1525 2259 niscitus-

501 2308 598 2354 que
626 2291 685 2336 sit
704 2325 718 2348 ,
1428 2301 1434 2304 ’

249 2368 452 2439 Quique
480 2383 558 2413 eos
584 2365 837 2426 vituperet
862 2378 993 2410 nunc
1015 2363 1115 2426 jam
1147 2361 1240 2406 istis
1267 2358 1408 2406 rebus
1439 2354 1523 2401 de-

502 2440 595 2488 sisti
625 2438 774 2485 decet.
