1618 2866
246 178 307 238 95
504 170 1132 221 .EP1DICUS.
1400 188 1528 234 τμη

638 300 1133 335 EPIDICUS.

618 380 749 449 Quia
767 396 855 444 ego
873 380 938 425 ire
956 379 1057 426 vidi
1078 379 1249 426 milites
1264 379 1416 441 plenis
1431 379 1529 428 viis.

247 456 390 504 Arma
409 454 619 521 referunt
635 488 650 512 ‚
668 464 714 499 et
726 455 947 518 jumenta
977 451 1178 498 ducunt.

566 567 597 602 P
632 566 663 599 Ε
700 566 734 599 R
769 566 789 598 1
828 566 856 599 P
893 565 928 599 Η
963 564 997 597 A
1033 565 1067 598 N
1106 564 1135 596 Ε
1174 563 1214 598 s.

1017 633 1168 680 Nimis
1186 633 1366 680 factum
1381 633 1505 682 bene
1520 635 1531 681 !

640 741 670 773 E
707 741 736 774 P
773 740 795 773 1
831 741 866 774 D
905 741 925 773 1
961 743 988 775 c
1025 742 1060 774 U
1097 743 1135 777 s.
1193 771 1197 773 a

251 813 385 860 Tum
415 810 714 872 captivorum
745 810 867 871 quid
898 810 1085 857 ducunt
1115 813 1304 858 secum!
1332 829 1555 875 pueros„

512 884 739 947 virgines,
1360 929 1362 931 .

254 959 396 1005 Binos
416 993 429 1016 ‚
461 968 648 1004 ternos:
681 957 796 1003 alius
822 958 1066 1019 quinque:
1097 958 1153 1005 fit
1175 973 1427 1006 concursus
1450 975 1537 1022 per

507 1049 614 1079 vias.

256 1106 396 1152 Filios
412 1121 519 1152 suos
540 1104 743 1166 quisque
760 1092 933 1150 visunt‡
1009 1126 1011 1128 ·

583 1216 613 1249 P
649 1217 678 1249 E
716 1216 750 1249 R
783 1215 806 1248 1
840 1215 870 1248 P
905 1214 942 1248 Η
975 1214 1008 1248 A
1045 1214 1080 1248 Ν
1112 1213 1142 1247 Ε
1179 1213 1218 1248 s.

895 1283 1068 1330 Hercle
1081 1299 1180 1329 rem
1198 1293 1375 1348 gestam
1391 1282 1539 1334 bene!

646 1397 1140 1431 EPIDICUS.

259 1480 390 1528 Tum
413 1475 716 1524 meretricum
743 1490 973 1520 numerus
996 1484 1155 1520 tantus
1171 1508 1185 1531 ,
1217 1487 1461 1536 quantum
1491 1477 1542 1524 in

519 1549 638 1595 urbe
669 1546 804 1594 omni
833 1546 924 1592 fuit
942 1581 956 1603 ‚

263 1625 473 1672 Obviam
491 1632 684 1675 ⁴ornatae
709 1618 1020 1666 occurrebant
1046 1619 1136 1665 suis
1169 1635 1391 1682 quaeque
1419 1610 1543 1668 ama:

516 1695 724 1741 toribus:

263 1772 355 1821 Eos
376 1770 637 1832 captabant.
657 1768 707 1813 id
724 1767 867 1824 adeo,
889 1767 975 1828 qui
989 1783 1214 1813 maxume
1232 1767 1446 1814 animum
1465 1767 1544 1814 ad-

515 1840 741 1888 vorterim
756 1874 770 1897 ‚

264 1918 521 1976 Pleraeque
555 1915 642 1959 hae
681 1913 769 1959 sub
802 1912 1089 1960 vestimentis
1118 1928 1280 1958 secum
1306 1912 1545 1960 habebant

517 1988 644 2034 retia.

266 2064 438 2134 Quom
465 2062 524 2107 ad
557 2071 754 2122 portum
784 2060 927 2105 venio
946 2093 960 2116 ‚
999 2071 1146 2120 atque
1180 2075 1268 2124 ego
1299 2059 1430 2106 illam
1451 2059 1546 2121 illic

515 2134 657 2180 video
680 2133 997 2194 praestolarier
1017 2152 1026 2178 :

268 2209 331 2255 Et
354 2223 464 2253 cum
486 2223 537 2252 ea
566 2205 785 2251 tibicinae
802 2206 934 2251 ibant
952 2216 1172 2267 quatuor.

582 2322 612 2355 P
648 2320 678 2353 Ε
713 2321 747 2355 R
781 2319 801 2352 1
840 2319 868 2352 P
904 2318 938 2352 Η
974 2318 1008 2352 Α
1043 2320 1075 2352 Ν
1115 2319 1144 2351 Ε
1182 2317 1219 2351 s.
1403 2367 1408 2371 ¹

1050 2387 1267 2457 Quicum
1282 2420 1296 2444 ,
1315 2383 1510 2455 Epidice
1520 2383 1543 2430 ?
