1618 2866
122 169 267 218 ωηο
426 152 717 204 Acrus
768 153 829 201 v.
879 150 985 202 sc.
1026 150 1127 201 rv.
1308 165 1404 215 331

533 277 570 309 D
605 275 636 308 E
672 274 716 308 M
749 274 772 308 I
805 274 835 307 P
871 275 907 308 Η
942 275 995 308 O.
1069 299 1072 303 ,

408 334 517 393 Jam
542 345 599 380 ut
627 334 760 392 volt,
789 349 874 394 per
889 349 968 379 me
985 331 1074 379 sibi
1092 331 1262 378 habeat
1277 331 1406 380 licet.

514 429 546 461 Ε
583 427 619 460 U
654 428 687 461 Τ
721 427 757 460 Υ
791 427 819 460 C
855 427 890 460 11
924 426 960 459 U
996 425 1034 460 S.

127 488 356 550 Temperi
383 487 583 550 edepol!
612 487 868 548 quoniam,
893 497 951 534 ut
972 487 1104 533 aliter
1121 486 1282 545 facias,
1300 502 1406 534 non

301 612 308 618 ,
382 571 450 605 est
478 558 655 620 copiae.

537 644 574 676 D
610 643 642 676 Ε
679 643 723 675 Μ
757 642 778 675 1
816 643 846 676 Ρ
879 642 915 675 H
953 642 1003 675 o.

122 705 337 768 Supplici
370 704 460 751 sibi
494 715 679 762 sumat,
712 703 837 765 quid
866 705 970 750 volt
999 703 1098 765 ipse
1112 736 1128 761 ,
1170 703 1236 750 ob
1280 703 1404 750 hanc

384 778 635 842 injuriam;

121 850 275 898 Modo
289 867 456 914 pacem
470 850 665 909 faciatis,
680 852 849 898 misero
863 862 918 898 ut
931 866 993 896 ne
1010 850 1128 896 mihi
1142 852 1281 897 iratus
1298 852 1401 898 siet.

118 922 171 971 Si
201 925 357 971 hercle
402 924 633 971 scivissem
651 958 666 981 ,
707 925 803 969 sive
844 924 965 969 adeo
997 925 1165 987 joculo
1210 923 1401 971 dixisset

376 997 497 1042 mihi
514 1031 531 1054 ‚
914 1036 918 1037 ⁷

118 1069 179 1118 Se
212 1070 342 1115 illam
377 1085 531 1114 amare
547 1103 563 1126 ‚
602 1084 875 1129 numquam
907 1067 1110 1116 facerem
1126 1101 1142 1125 ,
1174 1078 1231 1116 ut
1269 1068 1402 1116 illam

373 1141 552 1187 amanti
583 1140 883 1187 abducerem.

119 1214 342 1277 Eutyche
355 1247 370 1272 ,
392 1213 477 1260 ted
505 1230 589 1260 oro
602 1247 617 1272 ,
639 1213 806 1260 sodalis
828 1215 930 1279 ejus
951 1231 1027 1273 es,
1046 1230 1202 1273 serva,
1225 1226 1274 1262 et
1290 1214 1400 1262 sub-

372 1303 498 1333 vem.
528 1326 531 1328 .

120 1358 267 1406 Hunc
289 1376 451 1406 senem
475 1377 586 1422 para
605 1376 685 1406 me
706 1360 956 1407 clientem:
990 1377 1259 1407 memorem
1277 1359 1400 1408 dIces

364 1431 579 1478 benefici.
652 1427 658 1432 ⁸

308 1513 1077 1551 '-1.YSIMACHUS.

117 1576 215 1623 Ora
227 1611 243 1635 ‚
261 1587 319 1624 ut
334 1578 542 1643 ignoscat
561 1578 741 1625 delictis
758 1578 850 1624 tuis
872 1589 1018 1639 atque
1037 1567 1397 1627 adulescentiae.
1428 1573 1436 1580 ’

527 1672 563 1704 D
601 1671 632 1703 E
668 1672 711 1704 M
746 1671 768 1703 1
802 1670 831 1703 P
867 1670 902 1703 H
938 1671 987 1704 O·

116 1730 296 1795 Pergin’
318 1742 375 1778 tu
396 1732 590 1778 autem?
621 1733 716 1796 eja!
753 1731 954 1793 superbe
975 1731 1224 1778 invehere!
1259 1748 1395 1794 spero

247 1868 251 1870 η
374 1822 461 1869 ego
489 1805 609 1851 mihi
637 1822 838 1867 quoque

122 1875 333 1940 Tempus
364 1881 457 1925 tale
487 1890 771 1926 eventurum
784 1913 799 1937 ,
835 1890 891 1925 ut
923 1880 1014 1926 tibi
1043 1880 1239 1944 gratiam
1275 1878 1396 1925 refe-

370 1969 470 1998 ram
501 1969 677 2014 parem.

429 2046 461 2079 1.
496 2047 530 2079 Y
566 2047 588 2080 s
624 2047 646 2079 1
681 2047 724 2080 Μ
761 2046 797 2079 Α
831 2047 858 2079 c
895 2047 930 2080 Η
966 2046 1003 2080 U
1037 2047 1076 2081 s.

122 2098 275 2146 Missas
291 2100 389 2164 jam
415 2120 505 2168 ego
528 2105 631 2151 istas
657 2116 773 2151 artes
793 2104 897 2151 feci.

519 2200 556 2231 D
592 2201 622 2233 E
658 2201 757 2235 Ml
793 2201 821 2234 P
857 2201 892 2234 Η
928 2203 975 2235 0.

512 2259 573 2305 Et
602 2262 802 2322 quid‘em
825 2279 912 2327 ego
945 2263 1118 2310 dehinc
1140 2264 1255 2329 jam.

425 2346 524 2380 ΣΥ
561 2349 639 2383 sl
675 2353 788 2386 MA
824 2355 922 2388 GH
958 2356 993 2389 U
1030 2356 1067 2390 s.

1243 2404 1387 2455 Nihil-
