1618 2866
56 171 182 219 v.6o
328 166 618 216 ACTUS
668 167 767 214 IV.
815 165 922 214 SC.
965 166 1064 215 IV.
1238 168 1335 216 621

57 276 189 347 Quoi
218 275 354 322 herus
375 275 523 340 jussit.
554 273 675 336 quid
700 274 736 319 si
768 273 844 318 hic
862 289 964 319 non
978 274 1082 320 volt
1097 289 1177 321 me
1201 273 1333 320 ades-

796 363 844 392 se
872 346 1002 392 una?

382 434 406 468 S
444 433 479 466 A
518 433 549 467 G
585 432 621 466 A
654 433 689 467 R
722 431 743 464 1
778 431 801 465 S
841 431 873 464 T
907 431 929 464 1
965 432 1013 465 O.

942 492 1100 539 Immo
1127 492 1146 537 i
1171 491 1337 540 modo.-

475 579 507 611 T
544 579 576 611 O
612 577 649 611 X
683 577 705 610 I
740 577 772 610 Ι.
809 576 844 609 U
880 577 919 611 S.

58 638 138 686 Do
159 654 246 703 ego
261 639 358 686 tibi
385 654 589 701 operam.

447 726 483 757 D
522 724 555 757 0
593 723 628 756 R
662 723 698 755 D
734 722 768 755 A
803 723 836 756 Ι.
870 721 906 754 U
940 721 978 755 S.

129 787 243 835 Tibi
258 785 439 834 ibidem
455 785 532 831 das
544 819 558 841 ‚
577 783 665 829 ubi
681 793 737 828 tu
751 794 895 829 tuum
909 782 1116 828 amicum
1133 780 1337 847 adjuvas

475 878 507 911 Τ
544 878 576 911 o
611 877 647 910 x
683 878 703 910 1
739 877 769 910 1.
806 876 843 910 U
877 877 915 911 s.

44 940 279 1002 Exquire.
315 940 432 986 heus
465 950 520 985 tu
534 972 548 995 ,
577 937 793 1001 advigila.

543 1022 580 1056 V
616 1022 637 1054 1
673 1023 706 1055 R
744 1021 773 1054 G
815 1021 865 1054 o.

175 1081 288 1130 Satis
309 1092 375 1128 est
395 1082 603 1127 dictum:
635 1076 1039 1143 quamquam‘ego
1058 1096 1186 1127 serva
1200 1098 1338 1141 sum,-

23 1212 26 1215 Δ
60 1154 166 1202 Scio
195 1171 282 1220 ego
312 1153 518 1199 officium
542 1168 737 1209 meum,
767 1163 824 1198 ut
848 1168 969 1213 quae
986 1153 1335 1217 rogitet,vera,

316 1236 373 1272 ut
397 1225 586 1286 accepi,
618 1225 822 1284 eloquar.

473 1314 505 1346 Τ
538 1313 571 1346 o
609 1311 645 1344 x
680 1312 701 1344 1
739 1313 769 1345 1.
804 1311 841 1345 U
878 1310 913 1345 s.

59 1373 232 1438 Virgo,
257 1373 332 1419 hic
361 1373 509 1420 homo
539 1371 697 1434 probu
713 1372 781 1417 'st.

539 1459 576 1493 v
614 1459 634 1490 1
669 1459 703 1491 R
739 1457 772 1490 G
809 1457 860 1490 ο.
923 1448 949 1474 0

541 1518 708 1565 Credo,

476 1606 509 1638 Τ
545 1605 577 1638 o
616 1606 651 1638 x
686 1604 706 1636 1
741 1604 771 1636 1.
809 1603 844 1635 U
879 1603 917 1635 s.

641 1663 754 1708 Non
771 1663 855 1708 diu
872 1662 1001 1724 apud
1016 1664 1144 1709 hunc
1161 1665 1336 1711 servies.

542 1749 580 1782 V
616 1749 636 1780 1
672 1749 705 1781 R
741 1747 774 1779 G
809 1748 856 1780 o.

59 1811 131 1856 Ita
146 1810 231 1871 pol
253 1823 387 1870 spero
403 1842 418 1866 ‚
446 1808 483 1854 si
509 1819 723 1870 parentes
754 1808 926 1854 facient
951 1809 1158 1854 officium
1181 1815 1335 1855 suum.'

445 1903 976 1938 DORDALUS.

59 1964 188 2011 Nolo
211 1981 297 2029 ego
317 1976 366 2011 te
390 1966 580 2022 mirari,
613 1965 648 2010 si
674 1981 761 2010 nos
784 1979 845 2009 ex
870 1975 918 2008 te
945 1963 1332 2024 percontabirnut

61 2035 162 2081 Aut
191 2037 391 2097 patriam
421 2048 555 2083 tuam
572 2071 586 2094 ‚
621 2047 702 2082 aut
731 2046 951 2096 pauentes.

546 2131 582 2165 V
618 2130 638 2161 1
674 2131 708 2163 R
745 2129 776 2161 G
812 2130 857 2161 ο.

530 2189 627 2234 Cur
655 2204 742 2251 ego
772 2187 824 2232 id
848 2187 1021 2244 mirer,
1048 2186 1118 2231 mi
1149 2185 1335 2231 horno?

64 2259 272 2308 Servitus
313 2277 418 2317 mea
454 2263 574 2308 mihi
615 2261 857 2308 interdixit
876 2296 892 2320 ‚
940 2277 1003 2316 ne
1037 2260 1157 2322 quid
1196 2261 1335 2307 mitet

313 2350 477 2380 meum

62 2396 256 2445 Malum.
