1618 2866
33 209 164 256 ης,
331 192 618 241 ACTUS
675 193 712 239 1.
769 188 1041 241 sc.11.·
1221 203 1308 252 155

27 301 136 360 jam
166 300 305 347 sciam
319 334 333 358 ‚
367 301 403 346 si
435 299 556 362 quid
584 300 846 347 titubatum
867 300 921 345 ’st
936 331 951 357 ‚
983 297 1070 345 ubi
1093 298 1316 361 reliquias

283 373 463 421 videro.
589 375 594 382 '
776 411 779 412 γ

330 459 372 491 Μ
408 460 437 492 Ε
473 461 506 492 Ν
540 459 577 493 A
610 460 641 493 Ε
685 460 713 492 c
750 459 784 492 Η
817 460 861 492 Μ
897 459 933 493 U
969 458 1009 493 s.

35 517 128 564 Dic
152 518 295 575 mihi,
321 534 542 580 numqua
560 531 616 565 tu
642 518 799 566 vidisti
822 519 1036 565 tabulam
1062 518 1239 580 pictam
1259 519 1314 566 in

290 595 492 644 pariete,

35 654 131 701 Ubi
161 656 318 716 aquila
347 654 633 702 Catamitum
664 667 847 718 raperet
867 690 881 714 ,
919 666 1003 702 aut
1036 656 1123 703 ubi
1147 656 1313 703 Venus

287 728 579 775 Adoneum?

315 812 950 848 *PENI-CULUS.

33 873 191 938 Saepe.
217 874 298 925 sed
316 874 437 936 quid
458 875 568 921 istae
595 875 807 936 picturae
839 873 899 920 ad
925 891 1005 921 me
1033 874 1274 921 attinent?

333 973 1007 1007 MENAECHMUS.

881 1032 1009 1097 Age,
1039 1049 1119 1080 me
1145 1032 1308 1094 aspice.

32 1101 221 1163 Ecquid
243 1103 462 1150 assimulo
488 1104 728 1150 similiter?
927 1127 945 1130 -’

381 1183 410 1221 P
444 1186 475 1220 E
511 1190 545 1222 N
581 1189 602 1221 1
641 1190 669 1222 C
705 1189 740 1223 U
776 1191 806 1224 L
842 1189 876 1222 U
914 1188 952 1223 S.

615 1250 721 1320 Qui
738 1251 838 1297 istic
862 1261 929 1297 est
952 1260 1143 1296 ornatus
1164 1246 1308 1295 tuus?

334 1333 379 1367 M
413 1333 443 1367 E
478 1335 512 1368 N
547 1334 581 1368 A
615 1335 646 1372 E
681 1336 709 1368 C
745 1336 779 1369 H
818 1336 860 1368 M
895 1335 930 1368 U
967 1333 1005 1367 S.

34 1387 125 1435 Dic
146 1389 393 1440 hominem
421 1386 782 1457 lepidissumum
805 1413 898 1444 esse
925 1413 1019 1443 me.

384 1487 412 1520 P
447 1488 477 1520 E
513 1490 546 1522 Ν
579 1490 601 1523 1
637 1491 663 1524 c
701 1489 736 1523 U
771 1478 805 1524 ι’
839 1492 874 1524 U
911 1491 948 1525 s.

847 1551 943 1597 Ubi
968 1553 1087 1598 esu1i
1117 1547 1309 1597 sumus?

333 1635 377 1667 Μ
410 1635 441 1668 Ε
474 1633 509 1668 Ν
543 1635 579 1668 A
614 1636 645 1668 E
684 1637 710 1668 c
748 1636 783 1669 Η
818 1636 861 1669 Μ
896 1636 932 1669 U
970 1636 1008 1670 s.

34 1689 124 1737 Dic
149 1691 298 1739 modo
325 1694 419 1741 hoc
436 1729 450 1751 ‚
479 1694 616 1756 quod
637 1712 725 1760 ego
752 1707 800 1741 te
817 1695 983 1759 jubeo.

383 1788 412 1820 Ρ
447 1788 478 1821 E
513 1789 547 1821 Ν
581 1789 602 1822 1
638 1791 665 1823 c
702 1789 737 1821 U
772 1789 802 1821 Ι,
840 1789 876 1821 U
911 1788 949 1822 s.

638 1851 788 1897 Dico:
819 1851 970 1897 homo
990 1850 1304 1913 lepidissume.

333 1933 1006 1970 MENAECHMUS.

35 1988 221 2050 Ecquid
237 1994 379 2040 audes
406 1995 464 2041 de
486 2006 573 2042 tuo
600 1997 718 2043 istuc
751 1996 957 2042 addere?

387 2082 415 2114 P
450 2083 480 2115 E
517 2084 550 2117 N
585 2085 607 2117 1
646 2086 672 2117 c
712 2085 747 2117 U
783 2085 814 2118 Ι,
850 2084 885 2117 U
923 2084 962 2118 s.

822 2143 986 2204 Atque
1007 2144 1306 2190 hila1issume.

339 2227 381 2259 M
414 2229 443 2261 Ε
480 2231 514 2263 Ν
550 2230 584 2263 A
618 2231 648 2264 E
687 2232 713 2264 c
753 2232 787 2264 Η
825 2231 869 2263 Μ
904 2231 939 2263 U
978 2231 1016 2265 s.

33 2283 189 2347 Perge.
254 2333 259 2336 v

386 2363 414 2395 P
450 2365 494 2396 Ε.
515 2367 550 2398 Ν
586 2367 606 2398 1
644 2369 671 2400 c
709 2368 745 2400 U
780 2366 811 2402 Ι,
846 2369 882 2401 U
918 2369 958 2402 s.

198 2420 309 2466 Non
328 2437 472 2485 pergo
500 2423 654 2470 hercle
677 2442 763 2489 ego
777 2461 791 2485 ,
814 2427 903 2472 nisi
927 2429 1022 2473 scio
1042 2443 1137 2489 qua
1153 2429 1306 2492 gratia.
