1618 2866
87 159 219 208 v242
354 142 646 193 ‘ACTUS
695 142 796 191 IV.
857 132 955 190 SC.
1006 143 1106 191 IV.
1276 158 1368 205 437

93 250 308 299 Causiam
334 253 503 299 habeas
532 251 871 315 ferrugineam,
901 251 1121 296 culcitam
1153 248 1218 295 ob
1255 265 1372 296 ocu-

344 326 413 371 los
444 326 628 370 laneam
641 357 657 380 ,

92 398 347 444 Palliolum
380 398 549 444 habeas
591 396 915 460 ferrugineum
935 415 947 443 z
986 395 1134 461 (nam
1175 396 1210 440 is
1243 396 1373 441 colos

346 471 589 516 thalassicu
604 470 692 530 ’st)

94 543 155 589 Id
178 559 449 590 connexum
467 544 518 589 in
538 544 741 589 humero
767 542 930 598 laevo,
960 541 1246 602 expapillato
1269 539 1375 586 bra-

263 612 270 618 *
354 617 462 664 chio
482 650 496 673 ‚

96 687 393 739 Praecinctus
428 688 608 748 aliqui,
641 686 907 733 assimulato
937 686 1070 746 quasi
1092 685 1382 749 gubernator

140 775 143 778 ’
355 761 454 808 sies.

86 834 261 896 Atque
279 834 411 897 apud
436 835 565 880 hunc
593 850 756 880 senem
779 835 941 880 omnia
960 834 1075 880 haec
1098 844 1234 878 sunt:
1266 847 1377 878 nam

43 909 46 911 ’
356 909 392 954 is
422 908 669 969 piscatores
696 902 853 952 habet‘.

453 1005 1025 1041 PLEUSIDKES.

100 1070 236 1140 Quid
251 1071 274 1116 ?
310 1071 398 1116 ubi
423 1087 503 1116 ero
534 1083 814 1130 exomatus‚
852 1073 974 1134 quin
999 1083 1057 1118 tu
1089 1070 1228 1130 dicis,
1262 1070 1380 1132 quid

357 1142 562 1188 facturus
594 1144 683 1189 sim
696 1144 719 1189 ?

416 1240 1061 1276 PALAESTRIO.

104 1308 216 1354 Huc
245 1307 408 1353 venito
424 1342 438 1365 ‚
468 1319 515 1353 et
534 1308 690 1353 matris
716 1309 868 1355 verbis
893 1309 1292 1356 Philocomasium
1312 1327 1382 1355 ar-

354 1380 516 1426 cessito
535 1413 551 1437 ,

105 1451 170 1498 Ut
184 1487 198 1509 ,
217 1453 254 1498 si
274 1453 396 1498 itura
422 1453 523 1516 jam
553 1462 620 1498 est
637 1449 843 1496 Athenas
858 1485 872 1507 ‚
897 1461 971 1496 eat
996 1462 1159 1498 tecum
1190 1453 1250 1498 ad
1273 1469 1385 1514 por-

363 1537 471 1571 tum
501 1525 620 1571 cito:
1214 1566 1219 1571 .

55 1590 58 1592 ³
106 1596 269 1658 Atque
285 1609 355 1658 *ut
374 1598 542 1661 jubeat
573 1597 680 1643 ferri
709 1597 761 1641 in
787 1586 975 1653 navirn{
1005 1598 1042 1641 si
1068 1596 1188 1657 quid
1215 1596 1384 1657 inponi

358 1671 487 1716 velit.

107 1740 206 1787 Nisi
224 1753 297 1787 eat
310 1776 325 1800 ,
345 1753 393 1787 te
418 1743 688 1789 soluturum
716 1758 808 1788 esse
826 1743 1012 1789 navim:
1047 1755 1250 1791 ventum
1270 1760 1387 1805 ope-

356 1830 457 1859 1a1n
480 1814 601 1859 dare.

460 1911 490 1944 P
525 1911 555 1943 L
591 1912 620 1944 Ε
658 1912 694 1944 U
734 1912 756 1945 s
793 1913 815 1945 1
852 1914 888 1945 D
922 1912 953 1945 E
993 1911 1030 1946 s.

111 1975 225 2023 Satis
251 1979 407 2039 placet
431 1979 639 2040 pictura,
662 1995 818 2043 perge.

412 2083 442 2116 P
479 2083 516 2116 A
553 2084 584 2117 1.
618 2083 654 2116 A
688 2085 719 2116 E
758 2085 781 2117 s
821 2085 852 2116 Τ
887 2086 922 2118 R
955 2085 978 2116 1
1015 2085 1064 2117 o.

570 2144 657 2188 Ille
684 2144 929 2204 extemplo
958 2143 1088 2191 illam
1119 2143 1387 2191 hortabitur

114 2210 178 2258 Ut
207 2222 307 2268 eat,
332 2223 391 2260 ut
415 2226 638 2276 properet
657 2250 672 2272 ,
699 2231 762 2261 ne
784 2232 945 2262 morae
971 2215 1028 2261 sit
1053 2218 1203 2262 matri.

469 2312 498 2344 P
530 2313 562 2346 1.
596 2315 627 2346 E
663 2314 699 2346 U
736 2314 760 2348 s
792 2316 816 2349 1
851 2317 886 2349 D
921 2316 953 2349 Ε
991 2315 1029 2348 s,

940 2373 1240 2421 Multimodis
1262 2374 1398 2435 sapis,

1045 2445 1085 2491 E
1104 2460 1130 2489 e
1175 2447 1202 2504 3
