<?xml version="1.0" encoding="UTF-8"?>
<!DOCTYPE html PUBLIC "-//W3C//DTD XHTML 1.0 Transitional//EN"
    "http://www.w3.org/TR/xhtml1/DTD/xhtml1-transitional.dtd">
<html xmlns="http://www.w3.org/1999/xhtml" xml:lang="en" lang="en">
 <head>
  <title>
</title>
<meta http-equiv="Content-Type" content="text/html;charset=utf-8" />
  <meta name='ocr-system' content='tesseract 3.04.00' />
  <meta name='ocr-capabilities' content='ocr_page ocr_carea ocr_par ocr_line ocrx_word'/>
</head>
<body>
  <div class='ocr_page' id='page_1' title='image "./comoediaesuperst02plauuoft_0219.png"; bbox 0 0 1618 2866; ppageno 0'>
   <div class='ocr_carea' id='block_1_1' title="bbox 46 163 1317 236">
    <p class='ocr_par' dir='ltr' id='par_1_1' title="bbox 46 163 1317 236">
     <span class='ocr_line' id='line_1_1' title="bbox 46 163 1317 236; baseline 0.001 -7"><span class='ocrx_word' id='word_1_1' title='bbox 46 182 178 236; x_wconf 42' lang='lat'>&amp;88</span> <span class='ocrx_word' id='word_1_2' title='bbox 330 163 653 229; x_wconf 24' lang='lat' dir='ltr'>..ACTU&#39;S</span> <span class='ocrx_word' id='word_1_3' title='bbox 705 179 763 226; x_wconf 89' lang='lat' dir='ltr'>v.</span> <span class='ocrx_word' id='word_1_4' title='bbox 806 178 911 226; x_wconf 85' lang='lat' dir='ltr'>sc.</span> <span class='ocrx_word' id='word_1_5' title='bbox 962 181 1035 226; x_wconf 91' lang='lat'>11.</span> <span class='ocrx_word' id='word_1_6' title='bbox 1228 198 1317 231; x_wconf 58' lang='grc' dir='ltr'>Ωιι</span> 
     </span>
    </p>
   </div>
   <div class='ocr_carea' id='block_1_2' title="bbox 51 288 1319 355">
    <p class='ocr_par' dir='ltr' id='par_1_2' title="bbox 51 288 1319 355">
     <span class='ocr_line' id='line_1_2' title="bbox 51 288 1319 355; baseline 0.002 -18"><span class='ocrx_word' id='word_1_7' title='bbox 51 290 117 337; x_wconf 91' lang='lat' dir='ltr'>Ut</span> <span class='ocrx_word' id='word_1_8' title='bbox 133 306 221 355; x_wconf 90' lang='lat' dir='ltr'>ego</span> <span class='ocrx_word' id='word_1_9' title='bbox 245 290 315 335; x_wconf 87' lang='lat' dir='ltr'>illi</span> <span class='ocrx_word' id='word_1_10' title='bbox 332 290 493 335; x_wconf 90' lang='lat' dir='ltr'>oculos</span> <span class='ocrx_word' id='word_1_11' title='bbox 516 305 708 335; x_wconf 85' lang='lat' dir='ltr'>exuram</span> <span class='ocrx_word' id='word_1_12' title='bbox 721 288 1319 351; x_wconf 78' lang='lat' dir='ltr'>lampadibus-ardentibus.</span> 
     </span>
    </p>
   </div>
   <div class='ocr_carea' id='block_1_3' title="bbox 50 381 1325 708">
    <p class='ocr_par' dir='ltr' id='par_1_3' title="bbox 50 381 1325 708">
     <span class='ocr_line' id='line_1_3' title="bbox 485 381 873 417; baseline 0.008 -3"><span class='ocrx_word' id='word_1_13' title='bbox 485 383 527 415; x_wconf 88' lang='grc' dir='ltr'><strong>Μ</strong></span> <span class='ocrx_word' id='word_1_14' title='bbox 564 381 598 414; x_wconf 83' lang='lat' dir='ltr'>U</span> <span class='ocrx_word' id='word_1_15' title='bbox 638 383 668 415; x_wconf 80' lang='lat'>1.</span> <span class='ocrx_word' id='word_1_16' title='bbox 703 383 723 415; x_wconf 92' lang='lat'>1</span> <span class='ocrx_word' id='word_1_17' title='bbox 759 383 789 416; x_wconf 80' lang='grc' dir='ltr'><strong>Ε</strong></span> <span class='ocrx_word' id='word_1_18' title='bbox 826 385 873 417; x_wconf 86' lang='lat' dir='ltr'>R.</span> 
     </span>
     <span class='ocr_line' id='line_1_4' title="bbox 50 444 1282 504; baseline 0.002 -14"><span class='ocrx_word' id='word_1_19' title='bbox 50 444 171 490; x_wconf 86' lang='lat' dir='ltr'>Perii</span> <span class='ocrx_word' id='word_1_20' title='bbox 186 477 201 501; x_wconf 89' lang='lat'><strong>,</strong></span> <span class='ocrx_word' id='word_1_21' title='bbox 230 444 299 489; x_wconf 91' lang='lat' dir='ltr'>mi</span> <span class='ocrx_word' id='word_1_22' title='bbox 325 445 486 504; x_wconf 87' lang='lat' dir='ltr'>pater!</span> <span class='ocrx_word' id='word_1_23' title='bbox 511 444 717 490; x_wconf 84' lang='lat' dir='ltr'>minatur</span> <span class='ocrx_word' id='word_1_24' title='bbox 744 445 864 490; x_wconf 88' lang='lat' dir='ltr'>mihi</span> <span class='ocrx_word' id='word_1_25' title='bbox 892 446 1053 491; x_wconf 85' lang='lat' dir='ltr'>oculos</span> <span class='ocrx_word' id='word_1_26' title='bbox 1075 461 1282 492; x_wconf 76' lang='lat' dir='ltr'>exurere.</span> 
     </span>
     <span class='ocr_line' id='line_1_5' title="bbox 346 530 1022 567; baseline 0.004 -3"><span class='ocrx_word' id='word_1_27' title='bbox 346 531 389 564; x_wconf 88' lang='lat' dir='ltr'>M</span> <span class='ocrx_word' id='word_1_28' title='bbox 424 530 453 563; x_wconf 81' lang='lat' dir='ltr'>F.</span> <span class='ocrx_word' id='word_1_29' title='bbox 489 532 522 564; x_wconf 99' lang='lat' dir='ltr'>N</span> <span class='ocrx_word' id='word_1_30' title='bbox 557 532 592 564; x_wconf 81' lang='lat' dir='ltr'>A</span> <span class='ocrx_word' id='word_1_31' title='bbox 626 532 656 564; x_wconf 79' lang='grc' dir='ltr'><strong>Ε</strong></span> <span class='ocrx_word' id='word_1_32' title='bbox 695 533 722 564; x_wconf 92' lang='lat' dir='ltr'>c</span> <span class='ocrx_word' id='word_1_33' title='bbox 761 532 795 564; x_wconf 82' lang='lat' dir='ltr'>n</span> <span class='ocrx_word' id='word_1_34' title='bbox 831 533 873 566; x_wconf 91' lang='lat' dir='ltr'>M</span> <span class='ocrx_word' id='word_1_35' title='bbox 909 533 945 566; x_wconf 80' lang='lat' dir='ltr'>u</span> <span class='ocrx_word' id='word_1_36' title='bbox 982 535 1022 567; x_wconf 88' lang='lat' dir='ltr'>s.</span> 
     </span>
     <span class='ocr_line' id='line_1_6' title="bbox 56 589 1325 655; baseline 0.003 -20"><span class='ocrx_word' id='word_1_37' title='bbox 56 589 151 636; x_wconf 89' lang='lat' dir='ltr'>Hei</span> <span class='ocrx_word' id='word_1_38' title='bbox 183 590 334 647; x_wconf 84' lang='lat' dir='ltr'>mihi,</span> <span class='ocrx_word' id='word_1_39' title='bbox 365 589 562 636; x_wconf 83' lang='lat' dir='ltr'>insanire</span> <span class='ocrx_word' id='word_1_40' title='bbox 583 607 664 636; x_wconf 89' lang='lat' dir='ltr'>me</span> <span class='ocrx_word' id='word_1_41' title='bbox 694 592 858 655; x_wconf 73' lang='lat' dir='ltr'>aJunt,</span> <span class='ocrx_word' id='word_1_42' title='bbox 890 592 1017 638; x_wconf 87' lang='lat' dir='ltr'>ultro</span> <span class='ocrx_word' id='word_1_43' title='bbox 1054 608 1208 653; x_wconf 89' lang='lat' dir='ltr'>quom</span> <span class='ocrx_word' id='word_1_44' title='bbox 1238 593 1325 654; x_wconf 84' lang='lat' dir='ltr'>ipsi</span> 
     </span>
     <span class='ocr_line' id='line_1_7' title="bbox 316 673 567 708; baseline 0.004 -1"><span class='ocrx_word' id='word_1_45' title='bbox 316 673 567 708; x_wconf 87' lang='lat' dir='ltr'>msamunt.</span> 
     </span>
    </p>
   </div>
   <div class='ocr_carea' id='block_1_4' title="bbox 56 753 878 916">
    <p class='ocr_par' dir='ltr' id='par_1_4' title="bbox 56 753 878 916">
     <span class='ocr_line' id='line_1_8' title="bbox 541 753 848 788; baseline 0.003 -1"><span class='ocrx_word' id='word_1_46' title='bbox 541 753 848 788; x_wconf 78' lang='lat' dir='ltr'>SENEx.</span> 
     </span>
     <span class='ocr_line' id='line_1_9' title="bbox 56 805 343 863; baseline -0.007 -11"><span class='ocrx_word' id='word_1_47' title='bbox 56 805 343 863; x_wconf 82' lang='lat' dir='ltr'>Filia,heus.</span> 
     </span>
     <span class='ocr_line' id='line_1_10' title="bbox 494 882 878 916; baseline 0.003 -1"><span class='ocrx_word' id='word_1_48' title='bbox 494 882 878 916; x_wconf 80' lang='lat' dir='ltr'>MULIER.</span> 
     </span>
    </p>
   </div>
   <div class='ocr_carea' id='block_1_5' title="bbox 24 941 1350 2508">
    <p class='ocr_par' dir='ltr' id='par_1_5' title="bbox 24 941 1350 2508">
     <span class='ocr_line' id='line_1_11' title="bbox 242 941 903 1013; baseline -0.002 -24"><span class='ocrx_word' id='word_1_49' title='bbox 242 941 395 1013; x_wconf 67' lang='lat' dir='ltr'>Quid·</span> <span class='ocrx_word' id='word_1_50' title='bbox 408 943 508 989; x_wconf 86' lang='lat' dir='ltr'>est?</span> <span class='ocrx_word' id='word_1_51' title='bbox 545 943 666 1002; x_wconf 90' lang='lat' dir='ltr'>quid</span> <span class='ocrx_word' id='word_1_52' title='bbox 695 943 903 1006; x_wconf 79' lang='lat' dir='ltr'>agimus?</span> 
     </span>
     <span class='ocr_line' id='line_1_12' title="bbox 540 1035 921 1068; baseline 0.003 -1"><span class='ocrx_word' id='word_1_53' title='bbox 540 1035 562 1067; x_wconf 94' lang='lat' dir='ltr'><strong>s</strong></span> <span class='ocrx_word' id='word_1_54' title='bbox 599 1036 628 1067; x_wconf 80' lang='lat' dir='ltr'><strong>E</strong></span> <span class='ocrx_word' id='word_1_55' title='bbox 663 1036 698 1067; x_wconf 89' lang='lat' dir='ltr'>N</span> <span class='ocrx_word' id='word_1_56' title='bbox 734 1036 763 1067; x_wconf 80' lang='grc' dir='ltr'>Ε</span> <span class='ocrx_word' id='word_1_57' title='bbox 800 1036 870 1068; x_wconf 46' lang='grc' dir='ltr'>Χμ</span> <span class='ocrx_word' id='word_1_58' title='bbox 893 1048 921 1053; x_wconf 68' lang='grc'><strong>-</strong></span> 
     </span>
     <span class='ocr_line' id='line_1_13' title="bbox 554 1093 1331 1161; baseline 0.008 -24"><span class='ocrx_word' id='word_1_59' title='bbox 554 1093 694 1161; x_wconf 78' lang='lat' dir='ltr'>Quid</span> <span class='ocrx_word' id='word_1_60' title='bbox 719 1093 755 1138; x_wconf 87' lang='lat' dir='ltr'>si</span> <span class='ocrx_word' id='word_1_61' title='bbox 781 1110 868 1156; x_wconf 83' lang='lat' dir='ltr'>ego</span> <span class='ocrx_word' id='word_1_62' title='bbox 899 1095 995 1140; x_wconf 88' lang='lat' dir='ltr'>huc</span> <span class='ocrx_word' id='word_1_63' title='bbox 1024 1111 1175 1142; x_wconf 86' lang='lat' dir='ltr'>servos</span> <span class='ocrx_word' id='word_1_64' title='bbox 1200 1098 1331 1143; x_wconf 84' lang='lat' dir='ltr'>cito?</span> 
     </span>
     <span class='ocr_line' id='line_1_14' title="bbox 65 1163 1334 1225; baseline 0.002 -13"><span class='ocrx_word' id='word_1_65' title='bbox 65 1166 156 1212; x_wconf 92' lang='lat' dir='ltr'>Ibo</span> <span class='ocrx_word' id='word_1_66' title='bbox 171 1198 185 1222; x_wconf 91' lang='lat'><strong>,</strong></span> <span class='ocrx_word' id='word_1_67' title='bbox 205 1163 463 1220; x_wconf 86' lang='lat' dir='ltr'>adducam,</span> <span class='ocrx_word' id='word_1_68' title='bbox 493 1164 579 1224; x_wconf 89' lang='lat' dir='ltr'>qui</span> <span class='ocrx_word' id='word_1_69' title='bbox 607 1165 738 1210; x_wconf 89' lang='lat' dir='ltr'>hunc</span> <span class='ocrx_word' id='word_1_70' title='bbox 763 1165 875 1211; x_wconf 84' lang='lat' dir='ltr'>hinc</span> <span class='ocrx_word' id='word_1_71' title='bbox 900 1168 1099 1225; x_wconf 80' lang='lat' dir='ltr'>tollant,</span> <span class='ocrx_word' id='word_1_72' title='bbox 1123 1179 1170 1214; x_wconf 90' lang='lat' dir='ltr'>et</span> <span class='ocrx_word' id='word_1_73' title='bbox 1200 1168 1334 1215; x_wconf 90' lang='lat' dir='ltr'>domi</span> 
     </span>
     <span class='ocr_line' id='line_1_15' title="bbox 317 1237 617 1295; baseline 0.003 -14"><span class='ocrx_word' id='word_1_74' title='bbox 317 1237 584 1283; x_wconf 85' lang='lat' dir='ltr'>devinciant</span> <span class='ocrx_word' id='word_1_75' title='bbox 602 1272 617 1295; x_wconf 87' lang='lat'>‚</span> 
     </span>
     <span class='ocr_line' id='line_1_16' title="bbox 66 1309 1158 1373; baseline 0.001 -17"><span class='ocrx_word' id='word_1_76' title='bbox 66 1309 342 1371; x_wconf 85' lang='lat' dir='ltr'>Priusquam</span> <span class='ocrx_word' id='word_1_77' title='bbox 367 1309 612 1355; x_wconf 86' lang='lat' dir='ltr'>turbarum</span> <span class='ocrx_word' id='word_1_78' title='bbox 641 1310 763 1370; x_wconf 92' lang='lat' dir='ltr'>quid</span> <span class='ocrx_word' id='word_1_79' title='bbox 781 1310 917 1356; x_wconf 87' lang='lat' dir='ltr'>faciat</span> <span class='ocrx_word' id='word_1_80' title='bbox 945 1310 1158 1373; x_wconf 79' lang='lat' dir='ltr'>amplius.</span> 
     </span>
     <span class='ocr_line' id='line_1_17' title="bbox 372 1401 1044 1438; baseline 0.003 -2"><span class='ocrx_word' id='word_1_81' title='bbox 372 1403 415 1436; x_wconf 90' lang='lat' dir='ltr'>M</span> <span class='ocrx_word' id='word_1_82' title='bbox 449 1403 479 1435; x_wconf 84' lang='grc' dir='ltr'><strong>Ε</strong></span> <span class='ocrx_word' id='word_1_83' title='bbox 515 1403 548 1435; x_wconf 90' lang='lat' dir='ltr'>N</span> <span class='ocrx_word' id='word_1_84' title='bbox 582 1401 619 1435; x_wconf 86' lang='lat' dir='ltr'>A</span> <span class='ocrx_word' id='word_1_85' title='bbox 651 1403 681 1434; x_wconf 81' lang='grc' dir='ltr'><strong>Ε</strong></span> <span class='ocrx_word' id='word_1_86' title='bbox 720 1403 747 1435; x_wconf 92' lang='lat' dir='ltr'>c</span> <span class='ocrx_word' id='word_1_87' title='bbox 784 1403 819 1436; x_wconf 82' lang='grc' dir='ltr'><strong>Η</strong></span> <span class='ocrx_word' id='word_1_88' title='bbox 854 1405 897 1437; x_wconf 90' lang='grc' dir='ltr'>Μ</span> <span class='ocrx_word' id='word_1_89' title='bbox 933 1405 968 1437; x_wconf 82' lang='lat' dir='ltr'>U</span> <span class='ocrx_word' id='word_1_90' title='bbox 1007 1405 1044 1438; x_wconf 88' lang='lat' dir='ltr'>s.</span> 
     </span>
     <span class='ocr_line' id='line_1_18' title="bbox 939 1465 1338 1522; baseline 0.003 -11"><span class='ocrx_word' id='word_1_91' title='bbox 939 1465 1195 1511; x_wconf 86' lang='lat' dir='ltr'>Enimvero</span> <span class='ocrx_word' id='word_1_92' title='bbox 1214 1499 1227 1522; x_wconf 86' lang='lat'>‚</span> <span class='ocrx_word' id='word_1_93' title='bbox 1251 1467 1338 1512; x_wconf 87' lang='lat' dir='ltr'>nisi</span> 
     </span>
     <span class='ocr_line' id='line_1_19' title="bbox 73 1533 1339 1595; baseline 0.001 -15"><span class='ocrx_word' id='word_1_94' title='bbox 73 1535 274 1595; x_wconf 89' lang='lat' dir='ltr'>Occupo</span> <span class='ocrx_word' id='word_1_95' title='bbox 301 1533 483 1594; x_wconf 90' lang='lat' dir='ltr'>aliquid</span> <span class='ocrx_word' id='word_1_96' title='bbox 508 1534 627 1580; x_wconf 84' lang='lat' dir='ltr'>mihi</span> <span class='ocrx_word' id='word_1_97' title='bbox 649 1535 926 1593; x_wconf 82' lang='lat' dir='ltr'>consilium,</span> <span class='ocrx_word' id='word_1_98' title='bbox 952 1537 1002 1581; x_wconf 91' lang='lat' dir='ltr'>hi</span> <span class='ocrx_word' id='word_1_99' title='bbox 1033 1536 1237 1581; x_wconf 89' lang='lat' dir='ltr'>domum</span> <span class='ocrx_word' id='word_1_100' title='bbox 1257 1554 1339 1581; x_wconf 88' lang='lat' dir='ltr'>me</span> 
     </span>
     <span class='ocr_line' id='line_1_20' title="bbox 318 1606 710 1653; baseline -0.003 0"><span class='ocrx_word' id='word_1_101' title='bbox 318 1607 379 1653; x_wconf 89' lang='lat' dir='ltr'>ad</span> <span class='ocrx_word' id='word_1_102' title='bbox 407 1623 453 1651; x_wconf 91' lang='lat' dir='ltr'>se</span> <span class='ocrx_word' id='word_1_103' title='bbox 486 1606 710 1653; x_wconf 86' lang='lat' dir='ltr'>auferent.</span> 
     </span>
     <span class='ocr_line' id='line_1_21' title="bbox 74 1679 1343 1743; baseline 0 -19"><span class='ocrx_word' id='word_1_104' title='bbox 74 1679 248 1743; x_wconf 85' lang='lat' dir='ltr'>Pugnis</span> <span class='ocrx_word' id='word_1_105' title='bbox 274 1695 354 1724; x_wconf 87' lang='lat' dir='ltr'>me</span> <span class='ocrx_word' id='word_1_106' title='bbox 374 1690 502 1724; x_wconf 84' lang='lat' dir='ltr'>vetas</span> <span class='ocrx_word' id='word_1_107' title='bbox 518 1679 568 1723; x_wconf 91' lang='lat' dir='ltr'>in</span> <span class='ocrx_word' id='word_1_108' title='bbox 582 1680 720 1742; x_wconf 86' lang='lat' dir='ltr'>hujus</span> <span class='ocrx_word' id='word_1_109' title='bbox 744 1695 823 1724; x_wconf 88' lang='lat' dir='ltr'>ore</span> <span class='ocrx_word' id='word_1_110' title='bbox 842 1679 1108 1740; x_wconf 86' lang='lat' dir='ltr'>quidquam</span> <span class='ocrx_word' id='word_1_111' title='bbox 1128 1695 1343 1741; x_wconf 84' lang='lat' dir='ltr'>parcere,</span> 
     </span>
     <span class='ocr_line' id='line_1_22' title="bbox 71 1749 1341 1813; baseline 0.002 -19"><span class='ocrx_word' id='word_1_112' title='bbox 71 1749 135 1794; x_wconf 92' lang='lat' dir='ltr'>Ni</span> <span class='ocrx_word' id='word_1_113' title='bbox 153 1752 253 1813; x_wconf 86' lang='lat' dir='ltr'>jam</span> <span class='ocrx_word' id='word_1_114' title='bbox 282 1767 341 1795; x_wconf 86' lang='lat' dir='ltr'>ex</span> <span class='ocrx_word' id='word_1_115' title='bbox 371 1751 486 1796; x_wconf 82' lang='lat' dir='ltr'>meis</span> <span class='ocrx_word' id='word_1_116' title='bbox 523 1751 667 1796; x_wconf 83' lang='lat' dir='ltr'>oculis</span> <span class='ocrx_word' id='word_1_117' title='bbox 703 1752 920 1799; x_wconf 86' lang='lat' dir='ltr'>abscedat</span> <span class='ocrx_word' id='word_1_118' title='bbox 954 1753 1006 1798; x_wconf 81' lang='lat' dir='ltr'>in</span> <span class='ocrx_word' id='word_1_119' title='bbox 1041 1753 1214 1799; x_wconf 88' lang='lat' dir='ltr'>malam</span> <span class='ocrx_word' id='word_1_120' title='bbox 1241 1768 1341 1796; x_wconf 86' lang='lat' dir='ltr'>ma·-</span> 
     </span>
     <span class='ocr_line' id='line_1_23' title="bbox 195 1828 693 1886; baseline 0 -19"><span class='ocrx_word' id='word_1_121' title='bbox 195 1828 219 1885; x_wconf 74' lang='grc' dir='ltr'> </span> <span class='ocrx_word' id='word_1_122' title='bbox 323 1839 463 1886; x_wconf 86' lang='lat' dir='ltr'>gnam</span> <span class='ocrx_word' id='word_1_123' title='bbox 484 1839 693 1869; x_wconf 87' lang='lat' dir='ltr'>crucem:</span> 
     </span>
     <span class='ocr_line' id='line_1_24' title="bbox 75 1893 843 1960; baseline 0 -21"><span class='ocrx_word' id='word_1_124' title='bbox 75 1893 283 1953; x_wconf 78' lang='lat' dir='ltr'>Faciam,</span> <span class='ocrx_word' id='word_1_125' title='bbox 305 1896 442 1956; x_wconf 90' lang='lat' dir='ltr'>quod</span> <span class='ocrx_word' id='word_1_126' title='bbox 459 1896 625 1960; x_wconf 64' lang='lat' dir='ltr'>jubae,</span> <span class='ocrx_word' id='word_1_127' title='bbox 653 1894 843 1955; x_wconf 87' lang='lat' dir='ltr'>Apollo.</span> 
     </span>
     <span class='ocr_line' id='line_1_25' title="bbox 553 1979 865 2012; baseline -0.006 0"><span class='ocrx_word' id='word_1_128' title='bbox 553 1980 576 2012; x_wconf 90' lang='lat' dir='ltr'><strong>s</strong></span> <span class='ocrx_word' id='word_1_129' title='bbox 611 1980 641 2011; x_wconf 85' lang='grc' dir='ltr'>Ε</span> <span class='ocrx_word' id='word_1_130' title='bbox 678 1980 711 2012; x_wconf 94' lang='lat' dir='ltr'>N</span> <span class='ocrx_word' id='word_1_131' title='bbox 749 1979 779 2010; x_wconf 83' lang='lat' dir='ltr'>E</span> <span class='ocrx_word' id='word_1_132' title='bbox 814 1979 865 2012; x_wconf 83' lang='lat' dir='ltr'>x.</span> 
     </span>
     <span class='ocr_line' id='line_1_26' title="bbox 24 2037 1345 2099; baseline -0.001 -17"><span class='ocrx_word' id='word_1_133' title='bbox 24 2084 30 2088; x_wconf 72' lang='grc'><strong>,</strong></span> <span class='ocrx_word' id='word_1_134' title='bbox 461 2037 591 2099; x_wconf 88' lang='lat' dir='ltr'>Fuge</span> <span class='ocrx_word' id='word_1_135' title='bbox 618 2037 847 2093; x_wconf 89' lang='lat' dir='ltr'>domum,</span> <span class='ocrx_word' id='word_1_136' title='bbox 881 2047 1119 2097; x_wconf 88' lang='lat' dir='ltr'>quantum</span> <span class='ocrx_word' id='word_1_137' title='bbox 1144 2039 1345 2098; x_wconf 87' lang='lat' dir='ltr'>pote’st:</span> 
     </span>
     <span class='ocr_line' id='line_1_27' title="bbox 84 2106 609 2170; baseline 0.004 -18"><span class='ocrx_word' id='word_1_138' title='bbox 84 2106 156 2152; x_wconf 94' lang='lat' dir='ltr'>Ne</span> <span class='ocrx_word' id='word_1_139' title='bbox 183 2107 259 2154; x_wconf 77' lang='lat' dir='ltr'>hle</span> <span class='ocrx_word' id='word_1_140' title='bbox 283 2120 331 2155; x_wconf 88' lang='lat' dir='ltr'>te</span> <span class='ocrx_word' id='word_1_141' title='bbox 359 2109 609 2170; x_wconf 77' lang='lat' dir='ltr'>obtundat.</span> 
     </span>
     <span class='ocr_line' id='line_1_28' title="bbox 519 2193 902 2227; baseline 0 -1"><span class='ocrx_word' id='word_1_142' title='bbox 519 2195 562 2227; x_wconf 89' lang='lat' dir='ltr'>M</span> <span class='ocrx_word' id='word_1_143' title='bbox 599 2193 634 2226; x_wconf 84' lang='lat' dir='ltr'>U</span> <span class='ocrx_word' id='word_1_144' title='bbox 668 2194 699 2226; x_wconf 87' lang='grc' dir='ltr'>Ι,</span> <span class='ocrx_word' id='word_1_145' title='bbox 734 2194 755 2226; x_wconf 93' lang='lat'>1</span> <span class='ocrx_word' id='word_1_146' title='bbox 790 2194 820 2226; x_wconf 86' lang='grc' dir='ltr'><strong>Ε</strong></span> <span class='ocrx_word' id='word_1_147' title='bbox 855 2195 902 2227; x_wconf 79' lang='lat' dir='ltr'>R.</span> 
     </span>
     <span class='ocr_line' id='line_1_29' title="bbox 276 2250 1348 2318; baseline -0.002 -19"><span class='ocrx_word' id='word_1_148' title='bbox 276 2253 439 2318; x_wconf 86' lang='lat' dir='ltr'>Fugio.</span> <span class='ocrx_word' id='word_1_149' title='bbox 461 2250 629 2301; x_wconf 83' lang='lat' dir='ltr'>amab&#39;o</span> <span class='ocrx_word' id='word_1_150' title='bbox 645 2290 659 2313; x_wconf 83' lang='lat'>‚</span> <span class='ocrx_word' id='word_1_151' title='bbox 687 2255 874 2302; x_wconf 87' lang='lat' dir='ltr'>adserva</span> <span class='ocrx_word' id='word_1_152' title='bbox 894 2255 1073 2311; x_wconf 83' lang='lat' dir='ltr'>istunc,</span> <span class='ocrx_word' id='word_1_153' title='bbox 1102 2254 1170 2299; x_wconf 91' lang='lat' dir='ltr'>mi</span> <span class='ocrx_word' id='word_1_154' title='bbox 1191 2265 1348 2313; x_wconf 86' lang='lat' dir='ltr'>pater,</span> 
     </span>
     <span class='ocr_line' id='line_1_30' title="bbox 91 2326 1350 2393; baseline -0.002 -21"><span class='ocrx_word' id='word_1_155' title='bbox 91 2326 167 2372; x_wconf 84' lang='lat' dir='ltr'>Ne</span> <span class='ocrx_word' id='word_1_156' title='bbox 195 2341 295 2387; x_wconf 90' lang='lat' dir='ltr'>quo</span> <span class='ocrx_word' id='word_1_157' title='bbox 322 2326 433 2371; x_wconf 86' lang='lat' dir='ltr'>hinc</span> <span class='ocrx_word' id='word_1_158' title='bbox 464 2327 610 2373; x_wconf 87' lang='lat' dir='ltr'>abeat.</span> <span class='ocrx_word' id='word_1_159' title='bbox 640 2345 807 2374; x_wconf 88' lang='lat' dir='ltr'>sumne</span> <span class='ocrx_word' id='word_1_160' title='bbox 841 2345 927 2393; x_wconf 88' lang='lat' dir='ltr'>ego</span> <span class='ocrx_word' id='word_1_161' title='bbox 958 2328 1128 2373; x_wconf 83' lang='lat' dir='ltr'>mulier</span> <span class='ocrx_word' id='word_1_162' title='bbox 1157 2326 1350 2380; x_wconf 83' lang='lat' dir='ltr'>misera,</span> 
     </span>
     <span class='ocr_line' id='line_1_31' title="bbox 345 2399 1096 2507; baseline 0.008 -64"><span class='ocrx_word' id='word_1_163' title='bbox 345 2414 466 2458; x_wconf 88' lang='lat' dir='ltr'>quae</span> <span class='ocrx_word' id='word_1_164' title='bbox 488 2399 618 2446; x_wconf 80' lang='lat' dir='ltr'>illaec</span> <span class='ocrx_word' id='word_1_165' title='bbox 645 2401 814 2447; x_wconf 86' lang='lat' dir='ltr'>audio!</span> <span class='ocrx_word' id='word_1_166' title='bbox 1049 2463 1096 2507; x_wconf 79' lang='lat' dir='ltr'>O</span> 
     </span>
     <span class='ocr_line' id='line_1_32' title="bbox 1127 2475 1152 2508; baseline 0 -3"><span class='ocrx_word' id='word_1_167' title='bbox 1127 2475 1152 2508; x_wconf 78' lang='lat'><em>2</em></span> 
     </span>
    </p>
   </div>
  </div>
 </body>
</html>
