1618 2866
105 171 246 206 nno
396 148 683 199 ACTUS
739 149 775 195 I.
827 146 928 196 SC.
980 148 1103 195 111.
1300 149 1389 197 161

109 266 219 313 Hoc
235 263 406 310 animo>
424 253 559 309 decet
584 260 814 307 animatos
842 275 936 306 esse
953 269 1181 306 amatores
1199 257 1390 320 probos.

467 364 1048 400 PENICULUSA

113 434 216 510 Qui
242 437 442 500 quidem
469 435 529 481 ad
559 435 917 481 mendicitatem
944 451 990 480 se
1019 437 1277 496 properent
1310 434 1394 480 de-

367 508 598 555 trudere.¹

411 608 454 641 Μ
489 606 519 639 Ε
555 607 588 640 Ν
622 605 658 638 A
692 605 723 638 Ε
763 607 790 638 c
829 605 863 638 Η
898 606 941 639 Μ
978 605 1013 639 U
1050 607 1090 640 s.

120 678 343 748 Quatuor
363 675 502 721 minis
533 690 620 738 ego
644 674 739 719 emi
766 674 909 720 istanc
938 690 1066 720 anno
1091 675 1230 721 uxori
1248 691 1394 722 meae.

474 786 503 819 P
540 785 569 818 E
609 787 642 819 N
679 786 700 818 1
738 785 765 818 C
802 785 836 818 U
872 785 903 818 L
940 784 974 817 U
1011 785 1050 819 S.

49 853 55 860 '
121 846 342 915 Quatuor
371 847 527 893 minae
554 847 731 908 periere
755 847 919 907 plane,
946 857 1002 892 ut
1019 846 1136 908 rstio
1164 845 1395 892 redditur.

430 953 471 985 M
507 953 536 984 Ε
574 953 605 984 Ν
642 951 677 983 A
712 951 741 982 E
781 950 807 982 c
846 949 880 982 Η
917 951 959 982 Μ
996 950 1031 984 U
1071 951 1108 984 s.

124 1012 245 1062 Scin’
266 1015 386 1076 quid
405 1016 518 1061 volo
539 1030 627 1077 ego
650 1024 697 1058 te
727 1012 971 1061 accurare?

529 1111 559 1143 Ε
596 1111 629 1143 R
665 1110 697 1143 o
735 1110 765 1142 T
801 1110 821 1142 1
858 1109 892 1141 U
928 1110 985 1143 M.
1403 1156 1405 1158 ι

756 1169 876 1215 Scio.
909 1169 1085 1216 curabo
1109 1180 1233 1232 quae
1258 1173 1403 1220 voles.

435 1267 1105 1303 MENAECHMUS.

125 1338 253 1397 Jube
285 1339 426 1403 igitur
453 1338 590 1384 nobis
620 1337 768 1383 tribus
796 1336 927 1399 apud
955 1348 1003 1384 te
1035 1338 1292 1400 prandium
1328 1357 1404 1388 ac-

384 1428 608 1468 emanet,

136 1483 298 1544 Atque
314 1484 495 1544 aliquid
509 1484 894 1530 scitamentorum
917 1483 978 1529 de
999 1483 1103 1531 foro
1123 1486 1409 1547 obsonarier,

140 1555 505 1602 Glandionidam
519 1555 701 1613 suillam
712 1590 725 1612 ‚
744 1555 949 1601 laridum
967 1558 1283 1617 pernonidem
1295 1594 1307 1614 ‚
1324 1572 1409 1606 aut

139 1625 381 1694 Sinciput‚
406 1640 489 1674 aut
507 1628 772 1689 polimenta
796 1629 1016 1689 porcina,
1047 1641 1129 1675 aut
1150 1630 1333 1691 aliquid
1350 1630 1413 1677 ad

392 1718 505 1747 eum
535 1700 763 1746 modum:

141 1771 332 1818 Madida
367 1789 488 1834 quae
517 1773 635 1818 mihi
663 1773 875 1833 apposita
905 1773 955 1819 in
987 1791 1223 1832 mensam,
1258 1775 1415 1822 milvi-

355 1841 358 1843 ’
398 1862 509 1891 narn
540 1857 800 1910 suggerant.

146 1915 306 1978 Atque
332 1930 561 1966 actutum.

549 2015 579 2047 E
615 2015 648 2047 R
684 2015 716 2047 o
754 2014 785 2046 T
820 2013 841 2046 1
878 2013 912 2046 U
948 2014 1006 2047 M.

437 2073 570 2118 Licet
597 2085 784 2119 ecastor.
1358 2109 1386 2131 ,

439 2179 483 2212 Μ
516 2181 546 2213 Ε
583 2183 617 2215 N
654 2182 689 2214 A
725 2181 756 2214 Ε
795 2181 821 2212 c
859 2180 894 2212 Η
929 2181 972 2214 Μ
1010 2180 1045 2213 U
1080 2180 1119 2214 s.

767 2239 866 2285 Nos
896 2240 1140 2300 prodimus
1167 2240 1228 2286 ad
1254 2239 1426 2286 forum.

152 2305 261 2367 Jam
278 2320 364 2360 1³9⁵
385 2306 461 2353 hic
480 2309 670 2357 erimus.
703 2306 823 2358 dum
842 2313 1096 2373 coquitur,
1123 2313 1313 2358 interim
1339 2328 1429 2371 po-

413 2380 631 2428 tabimus.

235 2447 322 2494 Vol.
346 2448 411 2494 II.
495 2485 508 2488 ⁴
1204 2456 1243 2499 L
