1618 2866
203 215 264 263 φ
564 199 1094 249 EPIDICUS
1384 218 1478 249 m·

481 350 991 409 ACTUs
1088 321 1190 411 11'.

608 481 1040 529 SCENAL

294 610 786 648 APOECIDES,
843 608 1409 646 PERIPHANE&

560 738 597 770 A
633 739 661 771 P
697 738 730 771 ο
765 738 795 770 E
832 739 859 770 c
894 739 916 771 1
952 739 988 772 D
1023 713 1129 773 Evs.

211 785 345 902 PL
360 865 389 898 E
407 866 439 899 R
461 866 533 915 1-52
550 866 585 898 U
605 867 633 898 E
667 854 883 900 homines
902 888 914 911 ‚
941 871 1062 916 quos
1084 871 1237 918 quom
1267 853 1388 899 nihil
1416 869 1491 899 re·

466 923 584 982 fert,
613 925 790 986 pudet:
819 927 905 972 ubi
931 927 1221 988 pudendum
1250 927 1305 972 ’st
1326 960 1341 983 ,

210 998 285 1044 Ibi
306 1015 383 1043 eos
402 998 570 1043 deserit
587 998 746 1059 pudor
759 1034 772 1056 ‚
800 1016 954 1060 quom
972 1017 1081 1046 usus
1101 1010 1168 1069 est
1181 1034 1195 1057 ,
1219 1010 1275 1046 ut
1296 997 1489 1060 pudeat.

464 1070 500 1114 is
522 1070 640 1115 adeo
662 1082 717 1116 tu
738 1080 796 1116 es.
821 1071 942 1131 quid

211 1141 317 1198 Est,
354 1142 489 1202 quod
510 1143 799 1204 pudendum
819 1143 929 1200 siet,
959 1160 1128 1207 genere
1152 1154 1314 1190 natam
1330 1143 1492 1201 bono,

472 1231 731 1275 pauperem
762 1216 965 1262 domum

214 1285 403 1331 Ducere
434 1287 672 1332 uxorem?
712 1289 983 1348 praesertim
1013 1305 1149 1347 eam,
1187 1305 1289 1351 qua
1316 1304 1377 1335 ex
1405 1286 1494 1334 tibi
1518 1317 1520 1319 v

471 1375 797 1405 conmemores

217 1430 378 1489 Hanc,
400 1447 521 1492 quae
537 1432 697 1477 domi’
702 1443 773 1489 st,
798 1433 942 1479 filiam
960 1445 1256 1498 prognatam.

542 1535 572 1567 P
607 1535 636 1567 E
673 1535 707 1568 R
740 1534 762 1566 1
796 1533 824 1566 P
861 1533 896 1565 H
931 1534 964 1566 A
999 1534 1032 1566 N
1066 1534 1095 1565 Ε
1135 1534 1172 1566 s.

1065 1593 1302 1640 Revereor
1327 1592 1503 1638 filium&

576 1690 609 1722 A
648 1690 676 1722 P
713 1690 744 1722 o
781 1689 810 1720 E
847 1688 873 1720 c
909 1689 928 1722 1
962 1688 998 1720 D
1034 1686 1064 1719 Ε
1101 1685 1140 1719 s.

220 1747 284 1793 At
306 1750 390 1809 pol
410 1765 497 1813 ego
516 1759 563 1794 te
578 1749 755 1794 credidi
778 1763 977 1794 uxorem
990 1781 1004 1804 ‚
1026 1762 1171 1807 quam
1188 1755 1245 1790 tu
1263 1745 1501 1803 extulisti,

472 1819 658 1880 pudore
685 1819 909 1880 exsequi.

225 1891 412 1979 Quoius
435 1892 655 1952 quotiens
673 1893 944 1952 sepulcrum
970 1889 1134 1946 vides,
1162 1888 1396 1934 sacruficas
1413 1888 1500 1932 illi-

475 1980 531 2009 co
556 1964 683 2010 Orco
701 1964 884 2010 hostiis:

225 2036 396 2098 Neque
420 2036 572 2082 adeo
562 2038 756 2100 injuria,
781 2038 892 2097 quia
907 2034 1132 2082 ‘licitum’
1136 2047 1178 2080 st
1200 2050 1303 2079 eam
1328 2033 1417 2079 tibi
1434 2034 1507 2082 v'i*

476 2111 636 2159 vendo
656 2112 856 2157 vincere.

550 2219 577 2251 P
615 2220 644 2252 E
683 2219 715 2252 R
751 2220 770 2251 Ι
806 2220 833 2252 Ρ
870 2219 904 2252 H
939 2218 974 2251 A
1007 2219 1041 2251 N
1077 2218 1105 2250 E
1143 2218 1180 2251 S.

228 2279 339 2326 Oh!
373 2281 598 2328 Hercules
632 2298 719 2344 ego
755 2280 854 2337 fui,
901 2280 1020 2326 dum
1052 2281 1130 2325 illa
1166 2295 1361 2325 mecum
1394 2277 1505 2323 fuit.

480 2369 640 2412 neque
667 2363 793 2397 sexta
818 2367 1042 2397 aerumna
1433 2354 1438 2358 ’

231 2424 456 2474 Acerbior
475 2426 696 2485 Herculi,
726 2442 873 2488 quam
894 2425 972 2471 illa
986 2423 1104 2470 mihi
1124 2434 1196 2469 est
1208 2422 1404 2487 objecta.
