1618 2866
253 172 349 230 526
480 165 1269 217 MOSTELLARIA.
1404 171 1539 236 v.89

251 278 369 325 Duo
403 292 472 320 res
505 274 697 339 gessisse.
736 273 857 335 quid
883 274 1000 319 mihi
1027 274 1110 320 fiet
1145 276 1313 336 tertio,

254 349 355 419 Qui
390 349 513 393 solus
547 346 665 392 facio
701 345 905 392 facinora
930 347 1232 394 inmortalia?
1299 411 1306 415 μ

252 421 397 468 Vehit
428 421 504 482 hie
531 421 720 467 clitellas
736 455 750 478 ‚
784 421 915 467 vehit
945 421 1022 467 hic
1048 432 1211 467 autem
1238 422 1351 468 alter
1373 438 1532 473 senex.

251 494 503 542 Novitium
541 494 659 540 mihi
696 506 948 555 quaestum
979 495 1160 541 institui
1193 511 1295 542 non
1326 497 1534 544 malum:
1605 485 1609 490 ⁶

252 569 378 614 Nam
406 568 642 614 muliones
672 569 828 613 mulos
860 568 1122 614 clitellarios

250 644 476 690 Habent:
509 659 595 707 ego
620 641 773 688 habeo
804 642 1021 689 homines
1050 643 1327 705 clitellarios.

249 717 413 781 Magni
441 727 550 762 sunt
579 717 755 762 oneris:
794 716 1037 778 quidquid
1067 716 1292 779 inponas,
1327 716 1528 765 vehunt.

252 790 394 835 Nunc
427 789 556 834 hunc
581 788 712 834 haud
739 788 832 834 scio
851 805 911 835 an
940 789 1217 851 conloquar.
1246 788 1534 855 congrediar.

251 862 384 908 Heus
418 860 765 922 Theuropides.

548 946 1265 982 THEUROPIDES.

792 1006 912 1075 Quis
939 1007 1157 1053 nominat
1183 1024 1261 1053 me
1278 1007 1301 1052 Ρ

626 1099 631 1106 ¹
699 1092 731 1124 Τ
767 1093 800 1126 R
836 1091 870 1124 A
905 1092 939 1127 N
973 1093 993 1125 1
1031 1094 1079 1126 o.

251 1152 384 1205 Hero
417 1171 571 1203 servos
607 1155 822 1200 multum
858 1170 943 1199 suo
981 1154 1144 1200 fidelis.

253 1234 370 1303 Quo
403 1248 482 1278 me
513 1231 724 1287 miseras,
761 1229 902 1275 affero
934 1246 1079 1276 omne
1114 1229 1420 1292 inpetratum.

544 1305 1259 1358 THEUROPI'DES.

255 1387 394 1457 Quid
425 1386 519 1432 illic
548 1385 741 1432 obsecro
775 1397 873 1431 tam
907 1386 991 1431 diu
1023 1385 1262 1432 restitisti?

717 1482 748 1514 T
785 1482 819 1514 R
853 1481 888 1513 A
922 1482 955 1513 N
992 1481 1012 1513 1
1052 1481 1101 1513 o.

253 1547 364 1594 Seni
397 1561 499 1591 non
527 1544 681 1590 otium
715 1553 838 1599 erat,
870 1541 921 1586 id
947 1558 1053 1587 sum
1083 1534 1336 1603 opperitus.

546 1623 1264 1661 THEUROPIKDES.

250 1690 523 1752 Antiquom
547 1690 639 1735 hoc
672 1689 857 1735 obtines
883 1698 1052 1744 tuum,
1088 1685 1246 1732 tardus
1271 1694 1327 1731 ut
1354 1683 1422 1729 sis·

711 1775 742 1807 T
779 1775 813 1807 R
849 1773 884 1806 A
921 1774 955 1806 N
992 1773 1011 1805 1
1048 1773 1096 1805 o.

251 1838 382 1883 Heus
414 1846 469 1881 tu
488 1869 507 1891 ⁷
532 1835 568 1879 si
594 1834 723 1879 voles
752 1833 955 1879 verbum
981 1832 1073 1877 hoc
1098 1831 1298 1896 cogitare
1316 1862 1333 1887 ,

250 1909 405 1955 Simul
436 1907 546 1953 flate
576 1905 860 1965 501bereque
896 1904 1026 1950 haud
1059 1904 1190 1950 facile

250 1983 359 2030 Est:
390 1997 477 2046 ego
509 1979 587 2025 hic
613 1995 706 2024 esse
736 1990 783 2025 et
816 1979 910 2024 illic
940 1977 1081 2023 simul
1113 1976 1242 2023 haud
1273 1975 1426 2038 potui.

544 2071 1257 2107 THEUROPIDES.

252 2134 388 2207 Quid
418 2134 587 2181 nunc?

706 2210 737 2243 T
772 2210 806 2242 R
840 2208 874 2242 A
908 2209 942 2242 N
975 2209 995 2241 1
1035 2209 1082 2240 o.

570 2270 709 2328 Vise,
743 2279 899 2331 specta
924 2280 1010 2315 tuo
1040 2267 1278 2315 arbitratu.

542 2354 1249 2392 THEUROPIDES.

252 2416 378 2483 Age,
410 2418 505 2465 duc
530 2433 622 2464 me.
