1618 2866
249 200 314 245 30
599 174 1168 225 CURCULIO.
1430 193 1525 238 Ἄ]

246 293 348 339 Nec
374 290 648 338 demarchus
663 321 677 345 ‚
705 301 794 332 nec
825 285 1099 332 comarchus
1113 319 1128 342 ,
1150 299 1241 331 nec
1260 299 1375 332 cum
1395 295 1528 332 tanta

504 363 677 442 gloria3

249 439 386 509 Quin
409 436 569 493 cadat,
597 433 716 496 quin
742 432 894 494 capite
919 431 1044 478 sistat
1067 431 1119 477 in
1141 430 1218 478 via
1243 429 1304 477 de
1328 431 1505 479 semita.

247 514 382 559 Tum
401 511 474 557 isti
503 508 669 557 Graeci
695 505 901 570 palliati,
933 505 1087 567 capite
1110 514 1291 566 operto·
1310 504 1400 566 qui
1424 520 1528 553 am-

504 585 699 639 bulant,
1509 597 1514 602 ·

245 662 351 732 Qui
376 658 607 707 incedunt
631 655 910 703 suffarcinati
933 670 1047 703 cum
1071 654 1229 715 libris,
1254 670 1368 702 cum
1393 671 1526 718 spor-

505 730 616 777 tulis
631 765 645 787 ‚

250 807 511 862 Constant,
526 803 780 851 conferunt
793 818 1029 849 sermones
1046 802 1170 848 inter
1181 818 1275 849 sese
1294 801 1533 863 drapetae:

196 884 200 886 ’
253 881 491 936 Obstant,
510 877 768 933 obsistunt,
787 876 1018 923 incedunt
1036 891 1149 922 cum
1165 875 1256 922 suis
1272 875 1535 932 sententiis,

253 953 393 1023 Quos
430 965 616 1011 semper
651 949 808 997 videas
842 949 1061 995 lubentes
1103 965 1196 995 esse
1233 948 1285 994 in
1323 947 1538 995 thermo-

507 1021 674 1084 polio:

254 1096 351 1144 Ubi
393 1096 514 1158 quid
553 1096 846 1157 surripuere,
880 1103 1048 1167 operto
1081 1059 1291 1158 capitulo
1330 1095 1540 1143 calidum

514 1168 693 1215 bibunt
708 1202 724 1226 ‚

257 1240 432 1289 Tristes
458 1251 605 1302 atque
631 1239 798 1286 ebrioli
823 1238 1079 1286 incedunt:
1111 1256 1192 1288 eos
1218 1257 1306 1306 ego
1329 1240 1366 1287 si
1389 1241 1541 1288 offen-

517 1315 631 1361 dero
649 1347 663 1372 ,

254 1389 330 1438 Ex
348 1403 653 1451 unoquoque
671 1402 839 1433 eorum
860 1386 1042 1433 exciam
1065 1387 1299 1449 crepitum
1319 1390 1540 1452 polenta-

513 1476 652 1507 num.

257 1534 392 1583 Tum
415 1534 490 1581 isti
514 1533 601 1594 qui
626 1530 806 1579 ludunt
830 1530 1025 1578 datatim
1053 1531 1175 1580 servi
1199 1548 1462 1581 scurrarum
1489 1535 1540 1583 in

510 1624 585 1654 V1a
607 1641 621 1664 ‚

258 1679 321 1728 Et
342 1679 523 1726 datores
540 1714 553 1736 ‚
580 1690 627 1725 et
654 1678 849 1726 factores
869 1678 1022 1725 omnis
1042 1677 1244 1726 subdam
1262 1680 1351 1726 sub
1369 1681 1540 1730 solum.

262 1753 468 1801 Proinde
497 1770 543 1798 se
568 1751 703 1798 domi
731 1752 1032 1809 contineant,
1055 1752 1209 1799 vitent
1230 1752 1510 1802 infortunio.

572 1859 1250 1897 PHAEDROMUS.

259 1939 406 1990 Recte
439 1939 516 1986 hic
549 1949 802 1996 monstrat,
831 1939 864 1984 si
889 1937 1116 2000 imperare
1145 1940 1303 2002 possit.
1341 1957 1453 1989 nam
1478 1944 1543 1991 ita

514 2030 646 2060 nunc
674 2029 775 2059 mos
803 2014 958 2077 viget,

261 2083 334 2130 Ita
349 2099 481 2131 nunc
498 2085 803 2131 servitium’st
818 2103 827 2129 :
843 2083 1058 2145 profecto
1074 2084 1247 2133 modus
1263 2086 1426 2135 haberi
1438 2105 1542 2138 non—

512 2171 683 2221 potest.

643 2265 1167 2300 CURCULIO.

262 2339 439 2405 Ecquis
466 2354 559 2401 est,
587 2344 673 2405 qui
698 2344 818 2391 mihi
844 2355 1173 2392 conmonstret
1189 2345 1540 2395 Phaedromum

518 2425 713 2491 genium
741 2442 908 2475 meum
926 2427 949 2474 ?
