1618 2866
239 215 334 278 5&
547 214 561 223 ·’
702 208 1042 259 PERSA
1400 224 1526 270 mn

467 328 1295 374 ‚SOPHOCLIDLSCA

529 390 591 436 Et
614 390 702 452 pol
727 405 815 453 ego
846 390 907 435 ad
930 406 1029 436 vos.

554 508 556 510 ,
631 475 659 509 P
695 476 731 509 A
765 476 796 510 Ε
834 474 867 509 G
902 476 935 508 N
971 475 991 508 1
1027 474 1063 507 U
1100 474 1155 508 M.

890 534 1154 604 Quideo?

471 620 1312 655 SOPHOCLIDISCA.

957 682 1093 751 Quid
1116 681 1167 727 id
1189 681 1249 727 ad
1265 691 1313 727 te
1329 679 1530 727 attinet?

635 770 666 802 P
703 769 737 802 A
773 769 803 801 Ε
841 767 874 801 G
909 769 942 801 N
979 769 999 800 1
1042 768 1077 800 U
1113 770 1167 802 M.

242 830 386 879 Enim
414 846 515 877 non
546 831 634 877 ibis
658 847 789 877 nunc
818 830 1046 887 vicissim,
1072 830 1159 876 nisi
1186 831 1292 878 scio.

475 925 1295 961 SOPHOCLIDISCA.

1152 985 1359 1033 Odiosus
1378 1002 1437 1033 es.

637 1066 668 1099 1²
701 1065 737 1098 A
770 1064 801 1098 E
839 1063 872 1098 G
909 1065 943 1098 N
979 1065 1000 1097 1
1037 1064 1073 1098 U
1109 1065 1164 1098 M.

1360 1115 1533 1162 Lubet.

245 1188 530 1252 Numquam
545 1190 702 1237 hercle
722 1191 839 1237 istuc
863 1190 1174 1238 exterebrabis
1194 1201 1274 1248 tu,
1298 1200 1354 1236 ut
1376 1189 1431 1235 sis
1453 1203 1535 1249 pe-

499 1263 608 1326 jor,
636 1279 782 1323 quarn
816 1278 903 1328 ego
932 1262 1060 1308 siem.
1206 1328 1211 1330 γ

479 1355 1304 1391 SOPHOCLIDISCA.

248 1412 427 1462 Malitia
455 1427 629 1464 certare
657 1428 819 1463 tecum
837 1450 851 1473 ‚
884 1417 1066 1462 miseria
1084 1418 1151 1463 ’st.

642 1503 671 1536 P
707 1503 742 1536 A
777 1503 808 1535 E
848 1501 880 1535 G
916 1502 951 1536 N
985 1503 1008 1536 Ι
1044 1501 1079 1534 U
1115 1504 1170 1535 M.

1074 1563 1213 1609 Merx
1245 1574 1301 1608 tu
1332 1562 1452 1608 mala
1479 1576 1535 1605 es.

481 1648 1309 1685 SOPHOCLIDISCA.

253 1707 392 1777 Quid
420 1722 515 1770 est,
549 1709 687 1771 quod
715 1710 931 1756 metuas?

646 1798 675 1830 P
711 1796 747 1828 A
781 1797 811 1828 E
850 1796 882 1829 G
917 1797 952 1829 N
986 1797 1007 1829 1
1044 1796 1080 1829 U
1115 1797 1170 1829 M.

702 1857 842 1902 Idem
873 1858 1020 1914 istuc,
1048 1856 1183 1917 quod
1209 1869 1276 1903 tu.

484 1948 1310 1984 SOPHOCLIDISCA.

1019 2011 1111 2056 Dic
1137 2027 1275 2073 ergo,
1296 2007 1414 2070 quid
1440 2007 1538 2053 est?

646 2096 676 2128 P
714 2096 748 2129 A
786 2097 814 2130 Ε
854 2096 885 2130 G
923 2098 956 2130 N
993 2097 1012 2129 1
1051 2096 1085 2128 U
1122 2097 1176 2129 M.

257 2153 331 2201 Ne
355 2155 445 2202 hoc
465 2157 731 2218 quoiquam
749 2157 932 2203 homini
952 2157 1208 2213 edicerem,
1230 2171 1396 2202 omnes
1413 2154 1535 2201 muti

511 2240 567 2276 ut
598 2232 910 2292 loquerentur
934 2231 1075 2293 prius.
1444 2241 1449 2245 ’

489 2324 1319 2359 SOPHOCLIDISCA.

260 2385 322 2433 Et
354 2385 564 2432 edictum
583 2386 636 2431 ’st
666 2402 952 2449 magnopere
984 2386 1134 2444 mihi,
1176 2403 1236 2431 ne
1271 2385 1532 2446 quoiquam

517 2459 702 2507 homini
731 2459 998 2518 crederem,
1139 2460 1142 2462 ’
